3034 5100
5 1954 15 1995 —=
5 1880 7 1887 -
7 1751 10 1759 -
7 1672 11 1685 -

729 321 1333 387 FRAGMENTA
1380 322 2042 391 AMBROSIANA.
2489 325 2539 391 δ

230 496 279 534 “
309 489 607 576 Denique
650 502 865 555 utrum
908 492 1107 557 obelos
1154 502 1219 556 et
1260 492 1594 557 asteriscos
1635 504 1700 555 et
1747 492 2196 579 antmgmata-
2223 501 2288 555 et
2332 491 2546 579 diplas

228 599 279 633 ‘⁶
307 592 733 658 Ambrosiana
758 592 1115 680 fragmenta
1139 612 1276 680 prae
1302 612 1367 654 se
1396 589 1677 670 tulerint,
1695 590 1763 655 id
1794 588 2050 676 quidem
2080 590 2434 657 obscurum.
2449 606 2544 659 est

230 700 280 735 ⁶⁶
305 707 451 781 post
476 718 724 759 omnem
752 694 1099 781 marginem
1126 692 1519 781 pagellarum
1537 692 1900 771 abscissum,
1929 692 1998 757 in
2025 715 2158 779 quo
2187 694 2378 761 moris
2409 710 2543 761 erat

230 801 279 835 ‘⁶
308 794 447 859 haec
474 794 653 883 signa
678 808 917 860 notare.
1066 857 1069 859 ,

320 906 367 937 ‘⁶
397 898 655 963 Scholia
701 898 771 962 in
816 896 1207 986 bombycinis
1248 895 1481 967 chartis
1537 897 1768 985 scripta
1807 922 1954 965 cum
2009 899 2113 966 ed.
2163 901 2567 969 scholiorum·

230 1004 279 1038 ⁶⁶
309 998 605 1061 Romana
630 1019 903 1083 cumque
924 997 1165 1061 Veneta
1183 995 1507 1062 Villoisoni
1535 998 1794 1077 contuli,
1823 1022 1898 1065 ac
1924 1024 2124 1089 prope
2143 1003 2353 1069 omnia
2379 1008 2543 1092 pub-

228 1100 429 1165 “lica
454 1123 587 1165 esse
612 1098 903 1188 cognovi,
933 1098 1209 1187 exceptis
1232 1100 1495 1165 fortasse
1523 1102 1908 1188 paucissimis
1937 1105 2088 1169 sed
2071 1120 2162 1171 lta
2190 1108 2352 1174 male
2379 1111 2543 1175 mul-

229 1209 280 1244 ⁶⁶
306 1201 463 1268 catis
504 1215 579 1266 ut
622 1200 777 1266 nihil
821 1200 977 1265 utile
1018 1213 1133 1265 aut
1172 1200 1489 1288 integrum
1539 1204 2034 1291 suppeditarent.
2134 1210 2300 1273 Haec
2343 1210 2542 1297 igitur

231 1304 487 1369 “nullo
512 1304 813 1369 doctrinae
840 1296 1116 1368 damno
1100 1326 1165 1368 m
1196 1303 1325 1368 suis
1352 1304 1626 1371 chartis
1600 1329 1812 1393 Jacere
1839 1308 2133 1391 sinamus.
2225 1313 2420 1377 Sexto
2451 1326 2542 1378 ta-

260 1416 453 1473 ‘men
480 1407 837 1494 fragmento
864 1429 1057 1494 supra
1084 1406 1456 1493 vigesimum
1482 1410 1926 1475 commentatio
1947 1412 2244 1499 quaedam
2271 1413 2540 1481 adhaesit

229 1518 278 1552 ⁶⁶
304 1509 501 1596 digna
523 1508 781 1595 quidem
818 1508 1155 1575 observari.
1244 1512 1411 1575 Cum
1442 1510 1607 1577 enim
1637 1511 1704 1575 in
1747 1536 1822 1577 ea
1861 1513 2110 1601 'pictura
2137 1538 2444 1601 repraesen
2452 1532 2542 1580 ta-

229 1620 279 1654 ⁶⁶
304 1626 485 1677 retur
522 1610 989 1677 Andromachae
1036 1634 1183 1677 cum
1234 1612 1517 1677 Hectore
1561 1613 1946 1702 colloquium
1993 1616 2048 1681 is
2096 1617 2210 1703 qui
2257 1617 2538 1683 codicem

229 1714 803 1781 “Ambrosianum
846 1713 1183 1801 compegit,
1207 1712 1457 1779 ‚chartis
1502 1726 1679 1802 terga
1726 1715 1956 1781 velavit
2005 1718 2358 1806 Euripidis
2405 1722 2540 1785 An-

229 1826 277 1859 ‘⁶
306 1818 661 1883 dromachae
716 1815 1089 1904 particulam
1142 1815 1628 1883 continentibus.
1739 1820 2214 1906 Proeponuntur
2254 1844 2539 1908 personae

224 1925 274 1962 ‘⁶
302 1922 691 2007 Ἀνδρομάχη,
722 1920 1077 2004 Θεράπαινα,
1119 1917 1403 2001 Ἑρμιόνη,
1436 1919 1752 1998 Μενέλαος,
1783 1924 2025 2006 Τροῲὂς,
2057 1923 2390 1999 Momm-65:
2437 1948 2534 1990 re-

230 2023 503 2110 “liquae
528 2046 655 2088 non
684 2028 989 2111 apparent
1018 2022 1085 2086 in
1112 2021 1355 2087 charta
1358 2046 1616 2089 semesa.
1706 2024 1752 2087 J
1755 2046 1858 2087 am
1887 2046 2039 2089 vero
2073 2025 2350 2095 notanda
2375 2050 2541 2093 nova

226 2132 593 2214 “pel-sona,
622 2128 875 2204 num-r,
906 2148 1101 2213 quam
1128 2148 1347 2217 reapse
1372 2150 1435 2191 v.
1464 2128 1612 2211 832
1643 2125 1862 2215 recipit
1891 2126 2250 2207 Barnesius,
2277 2128 2392 2216 qui
2417 2130 2534 2196 ait:

226 2234 422 2294 “Θε.
450 2230 613 2293 male
638 2230 741 2293 hic
760 2251 887 2317 pro
904 2228 1207 2315 ’θεράπαινα
1224 2231 1539 2315 ponitur:
1583 2239 1742 2295 esset
1757 2232 1974 2315 potius
2000 2236 2108 2315 Tp.
2137 2232 2360 2316 τροφὸς,
2371 2235 2538 2325 quia

230 2336 277 2371 ⁶⁶
305 2330 493 2395 τέκνον
522 2340 703 2395 vocat
728 2330 1548 2417 Hermionmfiequmter,
1579 2340 1640 2394 et
1666 2331 1830 2393 hanc
1855 2352 2202 2417 personam
2239 2336 2535 2421 agnoscit

228 2440 277 2475 ⁶⁶
310 2456 459 2498 mom
496 2434 855 2499 adsocia-seca
896 2434 984 2497 ad
1013 2434 1161 2517 852.
1250 2432 1383 2497 Sed
1421 2432 1534 2495 hoc
1575 2454 1704 2497 non
1747 2433 1886 2497 vidi
1927 2456 2069 2499 oum
2106 2456 2416 2522 personna
2451 2435 2540 2499 ad

228 2542 275 2578 ⁶⁶
302 2538 567 2602 mitium
594 2536 866 2624 fibulae
921 2536 1327 2602 ordinarem:
1390 2544 1463 2602 tu
1512 2557 1670 2624 ergo
1717 2534 1921 2602 addan
1965 2535 2184 2625 τροφός.
2275 2540 2422 2604 Hac
2470 2537 2536 2603 in

229 2647 275 2680 ‘⁶
306 2639 529 2704 charta
550 2638 707 2704 nihil
748 2652 981 2726 praeter
1004 2638 1341 2726 prologum
1369 2637 1664 2704 scribitur
1689 2652 2000 2704 vetustate
2027 2639 2452 2720 fatiscentem,'
2469 2635 2535 2706 in

228 2748 278 2783 ⁶⁶
308 2765 511 2829 eoque
554 2742 802 2807 unicam
844 2741 1171 2806 observavi
1213 2740 1447 2806 variam
1476 2740 1820 2820 jectionem
1847 2765 1912 2806 v.
1940 2761 2046 2824 40.
2099 2743 2390 2821 Μενέλαος
2417 2769 2538 2832 pro

229 2851 277 2883 ‘⁶
306 2841 624 2918 Μενέλεως.
714 2843 843 2908 Sed
870 2857 967 2906 est
1007 2842 1097 2906 ibi
1128 2855 1193 2906 et
1232 2841 1355 2906 alia
1392 2840 1612 2906 charta
1637 2863 1856 2906 versus
1881 2841 2182 2916 exhibens
2208 2857 2533 2927 52—102.

228 2953 275 2986 ⁶⁶
312 2946 707 3032 (interposito
748 2947 959 3012 etiam·
984 2939 1247 3032 scholio)
1292 2969 1449 3012 cum·
1482 2946 1602 3012 hac
1644 2946 1776 3011 fere
1818 2946 2120 3014 varietate
2157 2947 2530 3017 lectionum:

228 3055 277 3088 ‘⁶
306 3062 416 3135 53.
448 3049 575 3131 (ed.
607 3048 833 3134 Beck.)
864 3049 927 3114 οὔ
952 3049 1115 3113 τίνειν
1144 3048 1441 3126 ὃῖκην--οὖ
1470 3048 1668 3113 κτείνει
1700 3051 1750 3112 ὃ.
1777 3067 1819 3134 5
1822 3064 1884 3134 5.
1919 3053 2148 3124 ἒς-εἲς.
2192 3050 2301 3134 56.
2329 3056 2538 3135 γὰρ-

228 3157 276 3192 “
304 3177 407 3215 τοι.
454 3155 557 3238 63.
588 3156 717 3228 ταῖς
749 3153 1049 3218 θ’-ε-παῖῒ.
1111 3153 1217 3216 66.
1244 3149 1515 3214 πλέκουσι
1545 3151 2020 3216 νῦν-πλέκουσιν
2049 3151 2139 3216 αὖ.
2187 3167 2294 3237 73.
2323 3155 2406 3224 ἐπ’
2435 3156 2538 3219 ati-

228 3264 277 3296 ⁶⁶
307 3257 568 3320 τὸν-ἔπ’
610 3256 769 3320 αὐτὸ.
816 3271 919 3338 74.
952 3261 1580 3319 κτενοῦσι-κτανεοῦσι,
1619 3253 1731 3339 [sic
1773 3277 1874 3342 ap.
1909 3255 2096 3340 Mat]
2139 3256 2240 3320 82.
2273 3255 2535 3322 οὐ-οὗν.

230 3366 280 3399 “
309 3365 607 3422 σοι-σοῦ.
656 3359 761 3444 83.
790 3362 983 3443 μολεῖν
1010 3357 1083 3421 σύ
1110 3356 1365 3440 μοι-»σύ
1392 3382 1486 3439 μοι
1516 3360 1732 3439 μολεῖν.
1775 3358 1881 3422 86.
1915 3357 1977 3422 οὗ
2009 3362 2226 3445 σμικροὶ
2254 3358 2536 3438 Φύλαξ-ἑ-

227 3458 275 3494 “
308 3456 369 3518 οὐ
411 3458 643 3544 σμικρὸν
689 3455 881 3534 φίλου.
971 3458 1223 3521 Rursus
1263 3454 1427 3520 iconi
1453 3475 1560 3540 35.
1610 3477 1755 3541 quae
1785 3454 1985 3524 Rhesi
2025 3455 2262 3522 caedem
2305 3456 2534 3544 pictam

226 3563 276 3598 ⁶⁶
306 3555 499 3620 habet
526 3555 991 3644 agglutinatum
1019 3569 1115 3622 est
1140 3556 1566 3644 fragmentum
1595 3579 1676 3620 ex
1701 3558 2052 3645 Euripidi-s
2081 3559 2290 3625 Rheso
2320 3562 2358 3623 8
2356 3564 2536 3646 56-

212 3667 277 3715 .⁶⁶
312 3661 461 3742 884.
506 3661 688 3748 cujus
716 3660 907 3726 variae
935 3658 1229 3726 lectiones
1256 3659 1357 3724 hoe
1386 3673 1571 3724 sunt:
1627 3659 1776 3745 859.
1809 3663 1854 3722 ὃ·
1883 3660 2082 3724 ἄπα-δ’
2116 3661 2222 3746 ἄρ’.
2293 3662 2442 3749 863.
2470 3668 2531 3751 γ’

226 3773 277 3807 “
308 3765 604 3830 αὐτὸν-δ’
650 3766 836 3830 αὐτὸν.
898 3766 1047 3848 872.
1090 3765 1349 3839 οἶκος-ὂ
1392 3768 1616 3846 μαῖκος.
1661 3766 1814 3850 883.
1857 3765 2062 3850 Τροίαν
2109 3765 2533 3856 ἄγει--Τροίαν

227 3875 273 3908 “
309 3867 529 3952 ἀνάγει.
580 3866 1021 3946 πένθη-πένθος.
1112 3866 1217 3930 Ad
1246 3878 1600 3930 extremum
1625 3867 1871 3932 Graecae
1900 3866 2192 3954 quaedam
2215 3869 2440 3956 glossae
2469 3886 2533 3939 et

228 3977 276 4010 ⁶⁶
304 3969 738 4035 adnotationes
762 3969 1143 4035 brevissimae
1168 3969 1479 4055 scriptura
1504 3968 1752 4032 minuta
1776 3991 1892 4034 nec
1919 3982 2129 4034 vetere
2155 3970 2534 4040 membranis

202 4079 274 4132 .“
302 4071 455 4160 ipsis
474 4087 813 4160 antequam
844 4085 1207 4160 tegerentur
1234 4071 1532 4159 inspersae
1561 4071 1766 4136 sunt.”

200 4185 207 4191 ‘
313 4176 362 4239 J
364 4197 467 4240 am
512 4175 731 4240 Maius
790 4175 898 4240 illa
934 4176 1212 4241 LVIII.
1267 4174 1624 4261 fragmenta
1677 4173 2186 4262 unumquodque
2243 4197 2386 4240 cum
2439 4199 2533 4262 ea,

224 4276 331 4342 cui
372 4275 441 4343 in
482 4277 697 4344 codice
736 4278 1042 4357 adhaeret,
1074 4276 1322 4366 pictura
1361 4275 1639 4364 imprimi
1679 4276 1944 4356 curavit,
1975 4293 2040 4342 et
2081 4277 2340 4365 quidem
2383 4277 2532 4342 scri-

222 4389 421 4467 ptura
468 4378 701 4446 unciali
742 4403 875 4468 qua
920 4403 1035 4446 nos
1054 4379 1341 4460 utimur,
1384 4401 1659 4467 quaeque
1699 4378 2056 4448 accentibus
2103 4393 2168 4446 et
2209 4378 2531 4468 spiritibus
