3034 5100
736 336 1359 402 FRAGMENTA
1405 335 2070 409 AMBROSIANA,
2475 338 2555 403 11

403 506 461 565 8.
490 502 700 577 ξῡνέηκε.
785 503 857 564 In
884 501 1012 565 cod.
1043 504 1240 564 Ambr.
1270 504 1616 585 supponitur
1643 506 1768 585 ὶφὲν
1795 518 1857 565 ut
1894 499 2125 565 unicum
2161 524 2286 565 esse
2313 507 2556 567 vocabu-

561 586 681 645 lum
712 585 1082 667 significetur.
1164 588 1310 646 Mai.

410 688 435 727 1
452 688 499 727 1.
526 670 731 743 ἧτίμησ·
759 675 817 726 ἀ.
1390 690 1641 743 mameae
1665 694 1722 725 a.
1753 668 1856 726 sed
1883 667 2164 729 recentior
2190 689 2392 729 manus
2425 689 2554 729 cor·

1468 747 1624 826 rupit
1650 774 1908 824 ητιμησεν.
1997 751 2138 809 Mai.

322 833 389 907 2)
422 833 492 890 α’.
524 831 785 907 68—77.
1394 826 1461 904 3)
1502 832 1842 905 178—190.

405 913 539 989 187.
569 914 660 973 Ad
688 930 884 971 vocem
910 909 1063 982 ἄντην
1086 910 1148 971 in
1175 909 1429 989 margine
1454 911 1584 969 cod.
1605 912 1803 971 Ambr.
1829 912 2114 971 recentior
2138 930 2342 971 manu⁸
2371 912 2552 993 scrip-

560 994 634 1052 sit
659 993 905 1073 glossam
932 990 1115 1051 ἔναντι.
1198 992 1345 1049 Mai.

405 1074 537 1135 188.
568 1082 629 1143 ὡς
653 1078 810 1154 φάτο·
853 1077 1109 1145 Πηλείωνι.
1190 1074 1263 1131 In
1291 1072 1417 1131 cod.
1446 1074 1645 1133 Ambr.
1673 1082 1806 1151 post
1841 1084 1978 1151 φατο
2011 1072 2433 1154 intel-pungitur
2469 1072 2552 1132 ita

564 1160 669 1235 (;).
750 1154 842 1215 Ad
883 1154 1034 1232 quod
1078 1156 1308 1213 Maius.-
1350 1155 1640 1213 Punctum
1683 1153 1896 1213 claudit
1935 1156 2296 1224 ⁸ententiam,
2335 1154 2552 1236 virgula

557 1236 778 1296 indicat
804 1235 1206 1295 vocabulorum
1235 1232 1681 1305 distinctionem,
1711 1255 1784 1296 nc
1811 1235 2037 1316 legatur
2062 1262 2169 1308 οπη.

312 1319 383 1392 4)
414 1319 487 1377 α’·
522 1320 862 1395 283--289-
951 1323 1017 1393 5)
1052 1335 1395 1393 320--332-
1479 1315 1548 1389 6)
1580 1320 1652 1376 α’·
1676 1318 2023 1395 345-356-
2109 1321 2172 1395 7)
2201 1317 2546 1396 357-369·

562 1402 625 1477 8)
659 1401 937 1475 436-45
951 1417 1005 1457 2·

393 1497 535 1555 444.
565 1484 875 1556 ἱλασσάμεθ·
902 1479 1107 1539 ἄνακτα
1385 1482 1708 1553 ιλασομεσθα
1735 1503 1791 1537 a.
1828 1480 1984 1556 (W.)

394 1578 535 1639 447.
563 1564 733 1640 φίλην·
775 1563 851 1620 τοὶ
872 1564 913 1619 δ’
1387 1570 1542 1639 φιλην
1565 1584 1606 1618 οι
1632 1564 1675 1618 δ’

312 1640 381 1722 9)
414 1646 487 1701 α’·
518 1658 861 1721 509-525·

394 1738 427 1801 5
442 1742 533 1801 13.
558 1723 699 1803 ἤρετο
999 1772 1005 1777 .
1386 1721 1425 1759 ⁸*
1451 1744 1605 1799 ειρετο
1635 1721 1792 1798 (W.)

324 1807 424 1881 10)
454 1808 528 1865 α’.
560 1806 905 1865 606—611.

394 1886 535 1947 608.
558 1890 719 1959 mind
747 1891 949 1965 εἴδυίῃσι
974 1910 1055 1963 πρ.
1380 1909 1576 1955 ποιησει*
1604 1889 1824 1956 abventu-w
1847 1911 1930 1964 ‘tp-
1965 1885 2120 1962 (W.)

224 1968 374 2027 Post
401 1966 668 2026 ultimum
694 1970 863 2062 hujus
889 1963 1193 2060 fragmenti
1220 1983 1461 2033 versum,
1492 1964 1590 2043 qui
1627 1966 1862 2027 ultimus
1896 1979 1986 2027 est
2021 1966 2196 2026 etiam
2231 1966 2544 2047 rhapsodias

224 2076 285 2119 a,
320 2052 381 2108 in
410 2048 599 2109 media
622 2069 831 2130 pagina
857 2046 1287 2128 conspiciuntur
1313 2047 1405 2185 h}
1430 2045 1619 2126 siglae:

1358 2259 1375 2289 ι
1402 2258 1426 2298 ς

228 2310 330 2370 Sic
369 2320 524 2371 certe
564 2311 713 2389 apud
752 2310 977 2369 Maium
1019 2308 1175 2391 picta
1213 2312 1337 2369 haec
1378 2323 1551 2379 sunt;
1596 2307 1864 2367 nimirum
1895 2335 1910 2365 ι
1938 2328 2070 2367 cum
2113 2308 2284 2367 unico
2325 2320 2546 2386 puncto

232 2392 418 2472 (quod
445 2404 639 2451 tamen
667 2412 700 2451 e
728 2391 941 2473 duplici
970 2393 1297 2451 mutilatum
1326 2390 1467 2450 mihi
1496 2389 1737 2466 videtur)
1762 2412 1778 2458 ;
1824 2400 1883 2447 et
1911 2388 2094 2446 forma
2129 2388 2332 2447 litterae
2360 2389 2545 2468 sigma

224 2473 431 2533 finalis·
512 2474 657 2536 Quae
685 2494 759 2532 an
787 2492 1089 2532 numerum
1118 2474 1284 2533 XVI.
1309 2475 1646 2554 exprimant,
1675 2482 1733 2529 et
1760 2469 1895 2549 quid
1923 2488 1994 2527 eo
2022 2488 2262 2528 numero
2283 2469 2542 2548 signetur

224 2554 353 2614 aliis
380 2556 803 2615 decernendum
831 2557 1110 2634 relinquo.
1164 2557 1217 2616 E
1244 2555 1445 2616 ceteris
1464 2552 1800 2635 fragmentis
1820 2550 2046 2611 nullum
2073 2564 2162 2611 est
2185 2552 2338 2630 quod
2365 2553 2540 2612 finem

223 2636 541 2717 rhapsodiae
570 2635 805 2712 alicujus
832 2637 1017 2696 faciat.

315 2717 419 2793 11)
448 2722 522 2792 β’.
562 2733 897 2796 117—125.

400 2820 424 2858 1
442 2802 530 2860 18.
558 2805 749 2879 κράτος.
831 2799 1027 2877 Hujus
1050 2799 1311 2862 vocabuli
1338 2797 1513 2879 priori
1545 2797 1772 2878 syllabae
1809 2795 1872 2854 in
1907 2795 2036 2856 cod.
2065 2795 2265 2854 Ambr.
2294 2794 2543 2874 imponi-

552 2893 648 2941 tur
674 2880 1009 2960 quantitatis
1034 2882 1219 2942 brevis
1246 2881 1473 2962 signum
1509 2882 1590 2958 (⁹)
1626 2899 1660 2937 a
1687 2897 1864 2936 manu
1891 2877 2221 2936 recentiore.
2306 2879 2448 2937 Mai.

400 2981 467 3021 12
475 2978 529 3041 5.
560 2961 829 3030 λέξασθαι.
912 2965 985 3023 In
1012 2965 1209 3024 codice
1236 2964 1433 3022 Ambr.
1464 2963 1655 3042 glossa
1679 2958 1963 3020 recentior
1993 2958 2055 3019 in
2090 2977 2271 3036 marg.
2299 2957 2539 3028 ἐπιλέξα-

551 3047 693 3104 σθαι.
779 3046 923 3104 Mai.

316 3128 416 3202 12)
448 3129 521 3198 β’.
552 3144 898 3204 311—323.

391 3225 424 3284 3
440 3207 529 3266 16.
557 3206 805 3285 πτέρυγος.
889 3207 1165 3266 Secundae
1195 3204 1454 3265 vocabuli
1484 3205 1710 3285 syllabae
1751 3203 1813 3262 in
1848 3204 2048 3261 Ambr.
2088 3199 2402 3279 imponitur
2442 3220 2536 3260 ac-

550 3300 769 3356 centuS,
796 3293 1043 3366 πτερύγος,
1079 3287 1213 3363 (vid.
1245 3287 1425 3346 schol.
1450 3289 1632 3364 Ven.)
1659 3304 1834 3344 manu
1862 3283 2094 3360 antiqua
2110 3307 2127 3355 ;
2175 3301 2307 3342 cum
2339 3294 2539 3343 tamen

551 3369 754 3449 reliqui
797 3369 963 3445 hujus
1004 3369 1309 3450 fragmenti
1354 3379 1624 3428 accentus
1671 3377 1994 3425 atramento
2036 3363 2355 3423 recentiore
2397 3363 2539 3444 picti

552 3450 688 3511 sint.
774 3453 918 3511 Mai.

391 3551 424 3608 3
438 3532 528 3590 16.
563 3539 889 3612 ἀμφιαχυῖαν
1380 3543 1742 3612 αμφιαχουσαν
1763 3553 1777 3588 :
1846 3527 1946 3587 sed
1999 3547 2206 3586 manus
2260 3524 2542 3606 posterior

1464 3610 1858 3691 suprascripsit
1882 3635 1992 3667 υιαν

389 3695 528 3770 318.
558 3698 781 3772 ἀρίζηλον
808 3698 966 3766 θῆκεν.
1051 3696 1195 3754 Cod.
1226 3696 1422 3755 Ambr.
1454 3700 1678 3772 αριζηλον
1713 3697 1910 3763 ςθηκενε
1957 3690 2059 3748 sed
2086 3715 2111 3766 p
2138 3687 2413 3746 insertum
2450 3699 2538 3746 est

550 3775 861 3854 po⁸teriore
888 3796 1064 3835 manu
1080 3777 1129 3847 b,
1158 3777 1411 3856 itemque
1436 3776 1690 3835 deletum
1715 3786 1804 3833 est
1831 3781 2203 3851 augmentum
2229 3795 2272 3828 ε.
2356 3770 2505 3827 Mai.

316 3859 417 3933 Ι3)
448 3859 519 3928 β’-
550 3859 895 3936 387-399-
1849 3932 1856 3940 .

349 3957 359 3976 '·
389 3955 529 4017 391.
552 3937 605 3996 ’ὃν
633 3938 686 3997 δέ
710 3945 755 3997 κ’
784 3941 909 4015 ἐγὼν
1377 3963 1425 3997 ον
1451 3943 1491 3996 δ’
1519 3962 1582 3996 αν
1610 3962 1748 4012 sym,
2208 3981 2219 3986 -

552 4021 937 4080 Commendat
964 4019 1159 4080 Maius
1194 4022 1344 4080 hanc
1387 4018 1722 4098 scripturam
1759 4012 2064 4076 collatione
2092 4032 2282 4072 versus
2309 4013 2365 4071 o‘.
2394 4013 2534 4089 348.

468 4102 638 4161 Certe
666 4101 967 4181 utrobique
994 4103 1196 4162 eodem
1228 4103 1402 4163 modo
1430 4100 1810 4160 scribendum.

389 4196 525 4259 395.
554 4183 639 4240 ὅτε
663 4185 849 4254 κινήσει
1377 4208 1459 4241 ove
1486 4207 1674 4254 κινησηι
1708 4179 1862 4256 (W.)

296 4264 415 4338 ·14)
448 4265 523 4332 β’.
555 4263 897 4342 827—840.

389 4345 525 4420 832.
553 4346 654 4404 οὐδὲ
682 4346 775 4414 οὓς.
856 4347 911 4405 Ε
949 4347 1075 4406 cod.
1103 4348 1300 4406 Ambr.
1336 4344 1530 4406 Maius
1569 4343 1630 4402 in
1666 4340 1795 4422 ipso
1830 4337 2152 4419 fragmento
2187 4334 2410 4416 scripsit
2445 4340 2536 4395 ουδ’

286 4473 313 4507 ¹·
346 4473 428 4523 De
450 4473 656 4540 antiqua
676 4475 768 4526 hac
790 4475 1036 4539 scriptura
1056 4473 1245 4534 ἅΐζηλον
1266 4469 1378 4524 vide
1399 4489 1507 4538 quae
1529 4472 1734 4537 exposui
1757 4470 1810 4521 in
1834 4469 1997 4521 Lexil.
2022 4466 2165 4530 1.60‚
2181 4467 2230 4516 8.
2275 4465 2539 4518 BUTTM.

1178 4593 1185 4598 ·
1268 4561 1311 4622 3
1357 4569 1420 4622 Η
1467 4568 1511 4621 2
