3034 5100
480 324 524 385 Ω
1453 316 1830 384 ILIADIS

479 494 527 529 “
556 485 859 575 scriptum
888 484 998 551 vix
1034 506 1167 551 uuo
1209 482 1451 573 ingenti
1480 482 1802 563 volumine
1830 479 2136 549 contineri
2177 480 2482 571 potuisse.
2574 483 2800 569 Atque

480 596 527 631 “
556 612 633 655 ea
658 588 916 679 quidem
948 585 1205 675 scriptio
1236 599 1301 651 et
1336 588 1588 675 pictura
1612 594 1842 681 quarto
1869 583 2114 649 circiter
2141 583 2242 649 vel
2267 587 2490 675 quinto
2517 584 2802 649 christia-

482 698 529 733 “
556 714 659 759 nae
684 712 829 757 oerae
854 690 1082 755 aeaeculo
1110 702 1189 755 ut
1214 686 1509 775 deinceps
1545 688 1910 756 docebimus
1952 686 2272 755 elaborata
2313 687 2506 766 nobis„
2524 688 2797 753 videtur.

480 801 529 835 “
558 795 607 858 J
609 816 711 858 am
738 792 1083 857 consecutis
1111 790 1497 879 temporibus
1527 813 1674 857 cum
1703 804 1767 855 et
1794 802 2107 857 ,vetustate
2147 789 2348 855 codex
2389 790 2712 855 fatisceret
2737 803 2800 853 et

482 900 531 935 “
556 894 625 959 in
672 891 909 956 domini
954 913 1177 957 manus
1220 892 1489 959 venisset
1531 892 1646 979 qui
1687 890 2035 979 graphidis·
2056 890 2270 979 potius
2315 890 2800 958 admirationem

484 1000 531 1035 “
559 1016 755 1081 quam
797 1001 1053 1082 poeseos
1094 994 1426 1061 lectionem
1465 1008 1812 1083 expeteret,
1861 994 2034 1061 abire
2089 994 2156 1059 in
2207 994 2413 1059 frusta
2455 992 2802 1057 miserrime

484 1101 531 1135 “
552 1095 771 1183 jussus
800 1110 914 1177 est,
944 1096 1035 1161 ita
1064 1110 1137 1162 ut
1162 1098 1669 1163 membranarum
1712 1120 1860 1185 pars
1900 1097 2070 1184 picta
2099 1096 2471 1183 damnisque
2505 1095 2797 1160 nondum
2857 1110 2861 1113 ’

486 1202 532 1236 “
560 1212 933 1287 consumpta
960 1214 1403 1279 reservaretur,
1435 1221 1686 1265 carmen
1717 1199 2084 1264 universum
2115 1198 2493 1285 abjiceretur
2531 1197 2646 1263 illo
2685 1222 2800 1262 ex-

486 1308 534 1343 “
560 1318 765 1392 cept0,
785 1304 962 1390 quod
988 1304 1054 1370 in
1072 1307 1317 1392 postico
1334 1305 1617 1392 picturoe
1643 1305 1838 1369 latere
1865 1307 2172 1393 scriptum
2192 1304 2539 1369 necessaria
2559 1304 2803 1369 ratione

485 1409 533 1443 “
560 1419 997 1471 conservatum
1039 1420 1155 1472 est.
1244 1408 1337 1471 Et
1380 1428 1529 1471 sane
1569 1405 1800 1471 codicis
1839 1418 2172 1494 corruptor
2213 1428 2466 1471 carmen
2503 1405 2802 1471 Homeri-

488 1512 535 1546 “
561 1529 709 1571 cum
736 1507 984 1573 abolere
1010 1506 1302 1573 funditus
1332 1507 1566 1572 voluit:
1613 1508 1718 1573 cui
1745 1508 1834 1573 rei
1857 1519 2228 1596 argumento
2255 1521 2349 1574 est
2375 1508 2554 1596 quod
2580 1531 2803 1597 versus

486 1614 531 1651 ‘⁶
560 1630 821 1697 quoque
860 1609 927 1673 in
956 1632 1175 1675 aversa
1210 1610 1593 1675 membranae
1635 1621 1816 1697 parte
1851 1622 2142 1675 exaratos
2173 1610 2352 1679 caecis
2391 1610 2582 1697 plane
2619 1624 2803 1697 tegu—

486 1715 532 1750 “
560 1712 787 1776 mentis
832 1713 1127 1778 occuluit.
1215 1712 1493 1777 Inventis
1536 1711 1704 1777 enim
1753 1712 2090 1800 nuperiore.
2133 1726 2320 1782 oetate
2359 1714 2605 1783 chartis
2655 1736 2800 1781 curm

486 1816 533 1853 “
555 1810 811 1896 glutine
852 1815 1137 1903 obtegere
1180 1816 1387 1879 visum
1428 1828 1546 1894 est,
1593 1814 1830 1902 quibus
1879 1837 2006 1879 non
2048 1815 2185 1902 jam
2233 1814 2410 1895 Ilias,
2453 1814 2566 1880 scd
2610 1838 2804 1903 argu-

486 1918 533 1953 “
562 1912 777 1982 menta
816 1938 1021 2002 pauca
1062 1916 1369 1986 librorum
1410 1930 1606 2005 atque
1647 1916 1888 2005 aliquot
1931 1916 2168 1984 scholia
2217 1940 2363 2005 quoe
2411 1916 2682 2005 pietms
2730 1918 2803 1983 il-

488 2020 533 2055 “
560 2013 905 2091 lustrandis
960 2018 1329 2106 prodessent
1386 2019 1620 2085 saeculo
1675 2019 1918 2085 circiter
1977 2020 2200 2085 XIII.
2267 2019 2570 2107 inscripta
2625 2035 2798 2089 sunt.

486 2118 533 2151 “
560 2114 743 2201 Ergo
784 2114 865 2181 de
896 2118 1241 2183 Homerico
1280 2119 1493 2185 codice
1535 2119 1693 2185 nihil
1733 2119 1993 2183 demum
2037 2119 2355 2207 reliquum
2385 2118 2524 2190 fuit
2568 2119 2694 2187 nisi
2733 2120 2800 2185 in

488 2218 535 2251 ‘⁶
560 2212 839 2283 adversis
875 2216 1135 2305 quidem
1172 2219 1421 2308 paginis
1444 2220 1696 2309 pictura
1724 2219 2102 2288 membranis
2131 2220 2284 2287 olim
2327 2219 2644 2309 imposita-
2661 2236 2802 2287 tum

486 2322 535 2357 ‘⁴
562 2319 869 2405 nuperius
892 2320 1203 2398 litterata3
1246 2323 1313 2388 in
1342 2324 1577 2389 aversis
1597 2337 1816 2389 autem
1843 2314 2221 2412 bom'bycina
2247 2323 2802 2393 chartamemhra·

486 2421 533 2458 ‘⁶
564 2414 661 2484 nis
688 2418 1015 2485 adhaerens
1042 2435 1105 2487 et
1134 2446 1386 2510 prosam
1414 2425 1760 2489 orationem
1787 2446 1922 2512 proe
1951 2446 2018 2487 se
2043 2423 2309 2489 ferens?

572 2518 737 2583 Mox
766 2542 946 2598 suam
982 2521 1049 2588 in
1076 2522 1289 2588 codice
1325 2523 1450 2588 hoc
1466 2524 1804 2590 tractando
1829 2545 2091 2612 operam
2117 2522 2335 2593 Maius
2357 2522 2460 2595 its
2481 2524 2789 2612 exponit:

487 2622 535 2670 ‘-‘
566 2619 826 2687 Primus
868 2624 995 2689 fuit
1040 2625 1219 2690 labor
1256 2628 1658 2714 bombycina:
1695 2627 1952 2694 dorla-5
1994 2625 2126 2694 sine
2168 2625 2302 2696 ullo
2348 2625 2798 2715 inscriptorum

488 2726 534 2760 “
562 2722 937 2792 scholiorum
980 2727 1215 2794 damno
1238 2751 1283 2792 a
1308 2730 1692 2814 membranis
1717 2729 1986 2794 avellere
2017 2741 2212 2816 atque
2227 2783 2232 2790 .
2247 2727 2342 2795 ita
2366 2749 2627 2796 carmen
2655 2731 2800 2795 Ho-

487 2827 533 2870 4‘
560 2829 865 2892 mericum
888 2831 963 2892 in
990 2830 1135 2894 dias
1176 2831 1443 2895 luminis
1479 2853 1684 2896 auras
1723 2851 2042 2919 reponere.
2131 2825 2384 2898 Avulsa
2425 2829 2668 2894 scholia
2707 2831 2800 2895 di-

484 2931 533 2976 5‘
560 2924 828 3012 ligenter
854 2929 1197 2996 admodum
1224 2955 1369 3016 cum
1410 2917 1882 3000 scholiastoeum
1923 2932 2304 3018 editionibus
2329 2931 2612 3008 contuli·
2661 2946 2800 2997 tum

488 3033 537 3068 “
564 3051 701 3116 ipsa
735 3039 941 3118 poetae
980 3033 1259 3100 carmina
1280 3035 1567 3101 absterso
1599 3035 1846 3124 glutine
1871 3035 2192 3124 exscripsi,
2217 3057 2570 3122 eorumque
2596 3035 2802 3100 varias

490 3130 539 3170 “
566 3123 863 3194 lectiones
892 3131 1141 3196 notavi:
1191 3133 1403 3198 omnia
1436 3135 1734 3236 denique,
1776 3135 2056 3224 picturas
2089 3134 2402 3214 videlicet,
2441 3155 2700 3198 carmen
2735 3147 2796 3200 et

489 3235 537 3273 “
564 3231 821 3312 scholia,
850 3233 931 3298 ad
950 3235 1204 3322 justum
1232 3235 1449 3304 Iliadis
1474 3215 1760 3305 ordinem
1783 3236 2060 3306 rettuli.”

576 3335 951 3400 Transimus
978 3360 1149 3406 nunc
1186 3339 1399 3404 omnia
1426 3363 1573 3428 quoe
1601 3339 1683 3406 de
1711 3338 1973 3428 picturis
2015 3340 2224 3428 deque
2251 3362 2370 3406 sua
2394 3338 2463 3402 in
2493 3337 2796 3427 evulgan-

488 3432 587 3499 dis
612 3433 735 3502 illis
760 3461 953 3526 opera
992 3438 1198 3526 posita
1230 3452 1445 3507 narrat
1474 3441 1738 3516 Maius3
1785 3463 1934 3528 quae
1971 3453 2254 3528 repetere
2279 3462 2432 3506 cura
2459 3438 2581 3504 erit
2608 3438 2690 3519 ei,
2721 3438 2799 3504 si-

486 3537 633 3624 quis
659 3538 823 3604 hanc
840 3541 1029 3622 etiam
1050 3542 1385 3608 voluminis
1412 3542 1908 3612 Mediolanensis
1933 3557 2177 3632 partem
2203 3539 2568 3630 parabiliori
2591 3541 2800 3606 forma

484 3661 631 3708 cum
664 3644 1005 3710 Germanis
1038 3645 1497 3711 communicare
1522 3645 1708 3714 volet.
1799 3647 1948 3713 Hoc
1991 3667 2194 3710 unum
2219 3643 2536 3720 addimus,
2568 3667 2651 3709 ex
2679 3643 2800 3709 ele-

486 3747 703 3834 gantia
736 3747 943 3864 operis
970 3762 1035 3813 et
1072 3771 1151 3812 ex
1186 3747 1325 3836 ipsa
1350 3770 1764 3836 persona-mm
1799 3771 2140 3836 rerumque
2173 3746 2488 3836 pictarum
2513 3747 2700 3828 facie,
2727 3746 2800 3811 il-

269 3907 302 3913 --
333 3913 351 3916 „
398 3919 416 3922 „
461 3850 563 3927 filis
605 3875 753 3946 quae
786 3851 857 3916 in
894 3851 1171 3939 antiquis
1206 3851 1630 3917 monumentis
1671 3852 1964 3918 visuntur
1999 3850 2330 3931 simillima,
2361 3849 2591 3916 merito
2627 3849 2800 3918 colli-

483 3981 633 4045 gene
663 3956 931 4037 Maium,
960 3955 1263 4047 picturas
1290 3979 1437 4028 cum
1466 3954 1872 4026 manifestum
1899 3953 1982 4026 sit
2017 3977 2132 4026 eas
2151 3977 2294 4026 non
2325 3976 2460 4032 esse
2505 3955 2801 4030 recentia-

484 4061 694 4141 simas,
726 4062 946 4150 utique
976 4080 1122 4152 post
1144 4063 1439 4152 quintum
1468 4063 1572 4129 vel
1615 4077 1864 4130 sextum
1889 4077 2124 4128 nostrae
2147 4084 2302 4148 aerae3
2321 4059 2628 4126 saeculum
2655 4084 2802 4128 con-

484 4160 653 4224 fecta
690 4184 823 4226 esse
869 4185 997 4226 non
1046 4187 1269 4252 posse:
1332 4165 1507 4230 unde
1559 4163 1778 4230 eadem
1831 4177 1984 4229 aetas
2037 4159 2368 4254 scriptioni
2406 4183 2674 4249 quoque
2714 4161 2798 4230 ad

485 4285 679 4350 quam
723 4265 1039 4350 pertinent
1076 4267 1454 4356 assignanda
1478 4279 1596 4332 est.
1683 4266 1800 4332 Ad
1839 4267 2004 4332 hanc
2043 4265 2259 4354 itaque
2297 4263 2550 4332 rediens
2579 4264 2798 4333 Maius

484 4365 839 4454 pergitita:
