3034 5100
517 334 563 397 8
1026 378 1039 391 .
1492 328 1868 397 ILIADIS

518 496 905 563 concurrunt
946 494 1259 586 posterius
1300 512 1552 566 tantum
1595 502 1688 567 ita
1729 500 2034 589 sig-natur,
2061 512 2140 564 ut
2163 499 2234 563 in
2263 479 2408 579 Asi,
2451 482 2842 577 I'IOAOI'I’N,

518 604 1024 679 ΔΧΑΙῙΑΔΩΝ,
1048 599 1161 688 qui
1184 622 1321 667 mos
1347 601 1566 669 itidem
1595 604 1681 671 ad
1710 616 1924 669 nostra
1949 624 2153 689 usque
2181 616 2470 690 tempora
2490 622 2846 689 persevera·

518 702 633 769 vit.
724 704 887 767 Haec
915 716 1126 769 autem
1166 704 1349 769 firma
1386 717 1480 771 est
1517 705 1759 795 regula,
1791 705 2058 793 impurae
2101 704 2166 769 in
2205 706 2414 770 media
2437 728 2596 769 voce
2623 700 2840 781 vocali,

518 816 595 867 ut
620 802 687 867 in
714 805 1005 883 ΦΙΛΟΣ,
1036 803 1364 885 ΜΥΘΟΣ,
1397 810 1563 886 AIA,
1594 806 1714 871 hoo
1743 808 1995 893 signum
2022 826 2353 893 nunquam
2379 802 2652 893 imponi.

605 902 1045 991 Apostrophe&
1072 924 1149 967 ea
1182 902 1319 989 ipsa
1355 904 1562 970 forma
1597 904 1947 993 eodemque
1983 905 2143 985 1000,
2175 928 2308 993 quo
2344 906 2524 994 apud
2567 928 2688 969 nos
2727 906 2844 967 usu

518 1009 713 1088 venit,
744 1006 1147 1096 appingitur;
1194 1008 1286 1072 ita
1312 1022 1524 1074 tamen
1553 1018 1628 1074 ut
1655 1008 2010 1074 litterarum
2041 1009 2351 1096 junctura
2387 1032 2469 1074 ne
2507 1008 2844 1073 minimum

520 1112 779 1201 quidem
806 1134 883 1176 eo
910 1108 1428 1198 interrumpatur.
1515 1113 1811 1200 Persaepe
1837 1124 2050 1177 autem
2083 1112 2150 1177 in
2183 1136 2329 1178 vera
2368 1128 2434 1179 et
2471 1112 2706 1181 litteris
2743 1136 2846 1177 ex-

520 1235 735 1301 pressa
784 1209 1039 1279 elisione
1080 1210 1333 1299 signum
1378 1224 1592 1277 tamen
1633 1211 1890 1299 negligi,
1935 1234 1972 1277 e
2015 1236 2208 1301 supra
2250 1210 2433 1277 dictis
2476 1209 2617 1300 jam
2672 1225 2846 1299 patet

522 1314 635 1379 Bis
675 1334 931 1400 quoque
968 1310 1211 1376 literam
1250 1334 1397 1399 quae
1438 1310 1952 1399 pronuntiatione
1991 1312 2250 1378 eliditur
2292 1312 2588 1400 scriptam
2637 1324 2844 1377 tamen

520 1415 755 1494 inveni,
784 1413 862 1479 α’.
892 1413 1049 1499 518.
1076 1410 1111 1491 ἦ
1140 1415 1201 1493 δὴ
1228 1413 1423 1499 λοίγια
1454 1418 1666 1479 ΕΡΓΑ
1707 1418 1836 1479 OT’
1867 1412 1952 1497 ἔμ’
1996 1415 2362 1500 ἐχθοδοπῆσαι
2407 1414 2630 1497 ἐφήσεις
2679 1427 2748 1479 et
2773 1411 2842 1477 α’.

520 1534 584 1604 5.
614 1517 681 1581 in
711 1514 830 1596 his,
858 1514 1053 1602 ἀστέρι
1086 1518 1367 1601 haupts&
1412 1514 1564 1580 item
1607 1524 1850 1581 tenuem
1891 1540 2040 1581 eum
2075 1517 2458 1605 apostropho
2499 1530 2656 1583 ante
2697 1519 2844 1607 spir.

521 1642 653 1707 asp.
684 1621 1085 1683 immutatam
1126 1616 1314 1682 semel
1346 1616 1409 1699 ζ.
1444 1636 1594 1704 223.
1626 1618 1863 1682 κάλλιπ’
1894 1616 2082 1695 ὅτ’-ς
2131 1620 2240 1685 sed
2269 1632 2332 1684 et
2361 1617 2435 1685 κ’.
2468 1618 2650 1698 2ι8.,
2679 1634 2758 1683 ut
2781 1618 2846 1683 in

522 1722 689 1789 notis
732 1720 951 1787 Maius
992 1720 1261 1800 monuit,
1292 1714 1499 1808 primo
1543 1719 1846 1809 scriptum
1882 1718 1953 1796 ὣς
1993 1720 2172 1803 ἔφατ’.
2217 1728 2268 1785 οἳ
2295 1720 2451 1801 δ’-,
2483 1720 2599 1787 sed
2641 1744 2847 1786 emen-

522 1826 743 1897 datum
780 1836 1001 1913 postea
1040 1822 1295 1907 ἔφαθ’-.
1388 1822 1737 1911 Utriusque
1775 1836 1984 1889 autem
2027 1822 2118 1889 rei
2156 1822 2444 1911 exempla
2477 1824 2548 1887 in
2585 1822 2846 1910 inscrip-

524 1927 801 1994 tionibus
826 1946 1085 2013 quoque
1110 1923 1716 1990 obvia.--Formula
1742 1925 1984 1991 πάντοσε
2013 1924 2106 2004 ἴση
2139 1926 2248 2004 sic,
2277 1947 2401 1989 non
2431 1924 2677 1988 πάντ-σε’
2703 1923 2844 2002 ztan,

524 2029 755 2116 scripta
778 2026 1013 2113 legitur
1040 2023 1105 2090 ν’.
1130 2038 1285 2109 405.
1313 2022 1387 2110 ρ’.
1420 2026 2008 2115 7.—Augmentum
2033 2024 2184 2091 locis
2207 2024 2526 2112 ambiguis
2555 2046 2676 2111 per
2703 2042 2847 2112 apo-

524 2130 857 2217 strophum
883 2126 1269 2195 vindicatum
1298 2125 1444 2191 vide
1470 2125 1638 2191 infra
1666 2126 1742 2191 a'.
1772 2142 1834 2212 5.
1865 2126 1950 2204 ψ’.
1975 2128 2345 2213 poe-zi?
2374 2127 2442 2191 in
2470 2126 2600 2194 fine
2629 2144 2847 2190 versus

522 2232 864 2318 integrum,
896 2226 947 2292 si
990 2227 1111 2293 hoe
1150 2226 1453 2293 adnotare
1494 2228 1742 2307 attinet,
1773 2227 2078 2293 habemus
2119 2227 2197 2291 ω’.
2231 2236 2383 2313 331.
2428 2226 2544 2291 ubi
2585 2224 2674 2289 de
2713 2225 2847 2313 ipso

457 2326 467 2336 ’
523 2328 891 2419 apostrophi
919 2328 1122 2417 signo,
1148 2352 1233 2395 an
1259 2328 1447 2411 adsit,
1476 2329 1698 2395 Maius
1727 2352 1852 2394 non
1883 2328 2030 2395 satis
2059 2342 2299 2393 certum
2327 2326 2732 2416 pronuntiat.

538 2486 545 2494 .
610 2434 677 2499 N
677 2445 891 2498 otetur
930 2431 1118 2497 etiam
1168 2433 1395 2499 Gracia
1434 2435 1750 2497 ΤΩῙΜΩῙ
1782 2430 1862 2497 λ’.
1899 2432 2288 2499 608.—-item
2337 2431 2712 2496 Gonu-actio
2751 2427 2846 2493 lit-

528 2536 677 2604 teris
716 2558 1030 2625 expressa,
1060 2559 1187 2604 non
1232 2535 1327 2602 ori
1368 2535 1692 2624 permissa,
1721 2534 1790 2602 in
1835 2538 2146 2604 ΧΡΥΣΗῙ
2185 2533 2566 2612 ΧΡΥΣΗΝ,
2599 2530 2666 2596 ε’.
2695 2549 2840 2620 425.

524 2656 675 2726 427.
706 2639 954 2704 tametsi
981 2639 1129 2704 alibi
1160 2643 1556 2704 ΧΡΥΣΕΟΝ
1589 2643 1640 2723 (·
1655 2641 1708 2724 ··)
1745 2639 1810 2723 ξ’.
1847 2651 1992 2706 220.
2039 2638 2329 2708 ΣΑΚΕΑ
2359 2637 2488 2722 (⁸“)
2524 2635 2589 2699 δ’.
2627 2653 2778 2716 114.

614 2745 761 2808 Iota
806 2743 1227 2829 subscriptae,
1276 2741 1389 2806 ubi
1436 2741 1804 2820 admissum,
1854 2741 2074 2828 juxta—
2100 2741 2378 2829 positum
2427 2752 2524 2805 est
2575 2759 2842 2826 semper,

524 2851 703 2927 Tm,
731 2851 919 2924 Tm3
962 2843 1081 2908 nisi
1120 2845 1297 2931 quod
1332 2845 1522 2910 semel
1555 2845 1622 2925 ζ’.
1655 2863 1800 2911 210.
1831 2844 1912 2908 ad
1941 2841 2557 2908 verticem-vocabuli
2595 2841 2843 2929 conspi-

526 2949 693 3014 citur
726 2947 813 3012 sie
844 2949 1165 3026 Edrrpff,
1194 2946 1367 3035 quia,
1398 2961 1473 3011 ut
1498 2960 1687 3034 putat
1715 2946 1956 3025 Maius,
1983 2946 2354 3012 continuum
2381 2945 2656 3010 scribere
2695 2944 2850 3010 obli-

530 3063 637 3115 tus
666 3063 801 3114 erat
826 3047 1135 3112 librarius
1225 3051 1322 3113 At
1350 3072 1501 3114 vero
1529 3063 1704 3116 tanta
1731 3049 1796 3114 in
1827 3048 2206 3138 apponenda
2229 3048 2350 3112 hae
2377 3047 2590 3113 littera
2621 3061 2722 3112 est
2757 3046 2848 3112 in-

528 3152 877 3220 constantia
918 3165 993 3216 ut
1034 3150 1399 3241 scriptorem
1449 3153 1646 3240 hujus
1693 3151 1924 3217 codicis
1971 3151 2104 3216 fere
2151 3150 2417 3216 dixerim
2461 3149 2565 3215 vel
2613 3148 2848 3236 primas

435 3321 441 3328 ,
528 3254 669 3341 ejus
704 3255 796 3320 rei
832 3254 1083 3342 regulas
1118 3254 1453 3343 ignorasse.
1544 3257 1712 3320 Nam
1753 3241 1880 3320 non
1919 3254 2112 3320 modo
2141 3257 2376 3320 omi-ssa
2403 3263 2510 3318 est*
2523 3251 2846 3317 interdum

530 3357 597 3421 in
618 3358 797 3422 ‘Dan
834 3357 995 3444 sing.
1028 3357 1104 3425 α’.
1132 3362 1280 3446 363.
1312 3360 1435 3448 νόῳ,
1478 3376 1635 3445 443.
1661 3357 1884 3446 Φοίβῳ,
1927 3375 2076 3442 447.
2110 3360 2228 3444 θεῷ,
2272 3374 2424 3444 521.
2455 3357 2654 3443 μάχῃ,
2697 3371 2848 3440 524.

532 3460 774 3542 κεφαλῇ,
816 3455 885 3524 ν’.
932 3457 1083 3543 398.
1127 3458 1273 3547 μέσῃ
1318 3461 1363 3522 δ’
1410 3464 1465 3524 ἐν
1504 3459 1771 3546 γαστέρι,
1816 3457 1903 3536 ψ’.
1933 3461 2084 3546 769.
2113 3459 2412 3546 Ἀθηναίῃ5
2457 3454 2528 3520 in
2571 3455 2730 3520 Dat.
2759 3452 2847 3540 pl.

538 3557 753 3644 (semel
796 3561 1069 3644 tantum)
1119 3557 1185 3625 ε’.
1228 3561 1383 3643 641.
1430 3560 1573 3648 οἵῃςς
1601 3561 1688 3625 -in
1731 3560 2154 3650 conjunctivo
2197 3560 2272 3625 α’.
2310 3561 2452 3645 185.
2498 3561 2664 3645 εἰδῇς,
2707 3557 2850 3622 186.

532 3660 769 3750 στυγέῃ,
798 3676 949 3747 522.
980 3663 1163 3751 νοῆση,
1192 3683 1346 3748 524.
1374 3663 1663 3752 muman
1711 3664 1777 3729 in
1825 3683 1884 3730 2.
1925 3687 2091 3752 pers·
2129 3687 2298 3752 pass.
2325 3661 2397 3748 φ’.
2428 3662 2578 3748 396.
2621 3659 2848 3747 μέμνῃς

534 3768 644 3834 sed
682 3769 1035 3856 apponit-ur
1065 3789 1403 3856 perperam
1429 3767 1608 3834 haud
1633 3791 1778 3834 raro
1819 3766 2006 3832 etiam
2051 3766 2250 3832 Duali
2289 3766 2374 3831 τώ
2407 3763 2482 3830 α’.
2512 3780 2674 3851 327.
2703 3781 2851 3851 330.

533 3893 683 3998 331.
718 3871 857 3956 (ubi
884 3887 981 3936 est
1006 3876 1152 3938 ΤΩΙ
1193 3899 1295 3955 μεν
1324 3874 1690 3961 ταρβήσαντε
1720 3872 1816 3937 καὶ
1857 3873 2370 3957 AIAOMENQ).
2397 3867 2555 3956 348.
2583 3865 2670 3946 β’.
2703 3867 2854 3952 830.

536 3974 596 4040 ε’.
634 3994 737 4042 12.
778 3973 864 4059 μ’.
900 3989 1040 4061 145.
1088 3973 1295 4062 ὄτρηρῶ
1338 3972 1413 4037 α’.
1442 3995 1596 4060 321.
1639 3973 1927 4061 ω-μῆρω
1973 3970 2038 4037 o'.
2079 3989 2262 4058 397.-
2309 3969 2504 4038 immo
2539 3967 2856 4040 Nomina·

534 4075 669 4140 tivo
708 4075 775 4139 in
818 4100 885 4153 n:
948 4075 1011 4140 ε’.
1058 4089 1211 4160 415.
1271 4079 1628 4138 ΙΦΘῙΜΗῙ
1687 4073 1928 4160 ἄλοχος,
1995 4093 2054 4152 1,
2103 4090 2160 4141 2·
2207 4070 2706 4138 ΘΕΣΠΕΣΙΗΙ
2754 4069 2856 4157 ἔχε

536 4183 705 4259 paga,
750 4175 823 4241 λ’.
856 4179 1007 4259 604.
1050 4176 1481 4242 natast—weh&
1523 4181 1802 4255 APXHI,
1825 4173 1922 4255 ἴ.
1960 4188 2118 4262 415.
2160 4177 2852 4248 ΔΕΙΝΗ-ΟΔΜΗῙ;

536 4295 623 4360 et,
652 4279 935 4345 mirabile
961 4279 1160 4360 dictu,
1190 4278 1413 4367 primae
1456 4300 1714 4366 quoque
1753 4275 2080 4365 praesentis
2117 4282 2402 4364 personoe
2439 4273 2508 4338 in
2553 4300 2624 4350 ω,
2657 4297 2856 4363 quan-

539 4381 731 4467 qua'm
758 4381 878 4446 hoc
906 4381 971 4446 in
1002 4405 1130 4447 uno
1160 4381 1353 4447 verbo
1377 4382 1475 4446 ὀΐω
1500 4379 1854 4459 observavi,
1883 4377 2060 4467 quod
2089 4375 2394 4466 scriptum
2421 4388 2520 4442 est
2557 4379 2745 4444 0101
2777 4375 2854 4443 α’.
