3034 5100
472 310 519 373 4
1444 304 1822 373 ILIADIS

480 480 525 515 “
550 494 745 562 quam
766 470 857 538 ad
883 468 1371 561 pdaeogrsphioe
1398 470 1666 560 protrita
1691 469 1800 537 illa
1825 469 2004 559 apud
2031 470 2184 537 artis
2201 469 2544 557 'magistros
2570 482 2638 537 et
2659 470 2799 535 vul-

475 583 527 617 “
555 588 709 663 gata
748 571 1037 661 exempla
1080 571 1419 661 appellare.
1508 574 1712 639 Porro
1755 572 1824 637 in
1873 572 2190 661 praedictis
2231 572 2416 639 codd.
2465 574 2796 643 Ambross.

478 685 526 721 ‘⁸
552 676 893 743 Frontonis
935 674 1197 763 quidam
1240 686 1305 741 et
1334 675 1750 741 Pentateuchi
1791 676 2122 763 quadratae
2163 698 2422 763 prorsus
2463 675 2798 762 scripturae

480 787 528 822 ‘⁸
558 780 669 847 sed
695 778 889 868 paulo
915 777 1235 845 interdum
1266 776 1574 857 rudiores,
1603 777 1826 843 litteris
1853 800 2004 844 vero
2029 784 2088 843 A
2115 793 2182 843 et
2209 780 2263 845 Ξ
2294 778 2378 843 ad
2417 777 2796 843 deteriorem

480 890 527 923 ‘⁶
552 882 823 947 formam
856 901 1101 967 semper
1149 878 1417 959 inflexis,
1466 880 1914 945 nobilissimam
1963 894 2029 946 et
2071 880 2586 969 perfectissimam
2631 880 2796 943 hanc

479 991 523 1026 ‘⁴
556 982 961 1049 Homericam
988 1002 1115 1047 non
1134 980 1327 1069 longo
1354 994 1710 1069 sequuntur
1735 981 2099 1057 intervallo;
2145 996 2214 1047 at
2241 981 2502 1069 reliquae
2529 980 2798 1067 angulo-

467 1084 527 1129 “‘
554 1110 641 1153 σε
668 1100 733 1152 et
758 1084 1049 1173 oblongae
1076 1098 1141 1149 et
1184 1083 1530 1151 artificiosis
1557 1084 1842 1173 apicibus
1883 1085 2094 1151 ductae
2136 1086 2218 1151 ab
2251 1085 2618 1151 Homericae
2645 1085 2796 1149 sim-

482 1194 529 1229 “
554 1186 833 1275 plicitate
856 1187 1047 1275 longe
1072 1184 1420 1251 discedunt.
1512 1186 1688 1265 Quid
1713 1186 1951 1275 plura?
2005 1188 2538 1276 Fragmentorum
2571 1185 2796 1253 Iliadis

479 1296 526 1331 ‘⁴
554 1287 949 1355 luculentum
992 1285 1303 1375 specimen
1344 1284 1712 1351 cudendum
1745 1310 1870 1352 oere
1896 1288 2114 1353 curavi
2155 1302 2232 1353 ut.
2271 1288 2532 1354 demum
2561 1288 2796 1355 codicis

480 1396 529 1431 “
554 1402 711 1455 etas
750 1411 881 1455 non
918 1402 1049 1455 tam
1090 1410 1232 1457 mea
1272 1385 1598 1455 voluntate
1639 1411 1834 1477 quam
1875 1389 2080 1455 alieno
2111 1388 2360 1481 judicio
2399 1390 2658 1456 definiri
2700 1390 2792 1457 vi-

482 1498 531 1537 “
558 1491 803 1559 deutur.

566 1601 613 1637 “
638 1596 899 1673 Quaeret
938 1593 1167 1682 aliquis
1207 1616 1367 1661 num
1406 1594 1598 1661 etiam
1625 1605 1794 1661 ποιῶ
1817 1595 2330 1685 orthographicoe
2355 1606 2420 1661 et
2441 1600 2696 1663 critices
2721 1596 2792 1661 in

476 1704 525 1737 ‘⁴
552 1696 652 1763 his
678 1695 1025 1763 veterrimis
1050 1694 1419 1784 fragmentis
1441 1708 1790 1782 appareant
1805 1708 1856 1761 ⁸.
1945 1696 2078 1762 Aio
2105 1696 2422 1765 enimvero
2450 1720 2557 1763 me
2583 1699 2792 1763 multa

474 1805 525 1841 “
552 1796 863 1887 ejusmodi
904 1798 1085 1886 signa
1110 1796 1361 1875 vidisse,
1390 1818 1758 1884 quanquam
1785 1796 2010 1885 gluten
2037 1796 2364 1885 complura
2395 1797 2642 1876 obruit,
2671 1797 2794 1863 alia

470 1909 526 1947 “
554 1914 807 1990 tempus
844 1900 1141 1981 abolevit,
1182 1900 1307 1967 alia
1346 1900 1660 1988 scalprum
1705 1899 1982 1979 sustulit,
2027 1900 2150 1965 alia
2189 1899 2464 1987 denique
2505 1899 2793 1965 librario-

474 2012 523 2047 “
549 2026 695 2071 rum
722 2002 966 2069 incuria
988 2002 1089 2067 vel
1108 2001 1317 2069 omisit
1336 2001 1439 2066 vel
1464 2024 1648 2089 poene
1677 2014 1908 2066 temere
1933 2014 2000 2067 et
2027 2000 2448 2067 inconstanter
2469 2001 2790 2089 appinxit.

398 2168 405 2177 .
456 2115 520 2161 -“
548 2108 725 2173 Nota
762 2103 1023 2193 quidem
1056 2126 1367 2192 apocopes
1402 2104 1874 2191 [apostrophus]
1909 2103 2174 2190 antiqua
2215 2125 2410 2172 manu
2449 2104 2792 2191 diligenter

473 2216 521 2251 “
548 2207 940 2299 appingitur,
969 2207 1233 2293 ejusque
1274 2204 1616 2294 proeclarus
1659 2228 1812 2270 usus
1847 2220 1942 2271 est
1983 2206 2050 2271 in
2091 2205 2532 2279 conservandis
2563 2208 2788 2273 verbo-

474 2320 523 2355 “
550 2334 697 2377 rum
738 2307 1116 2397 augmentis,
1148 2321 1223 2373 ut
1248 2308 1383 2383 Διὸς
1426 2308 1470 2371 δ’
1516 2306 1783 2375 ἐτελείετο
1823 2309 2020 2387 βουλή.
2110 2310 2484 2396 Spirituum
2525 2332 2788 2396 quoque

474 2418 521 2453 “
550 2426 721 2477 notoe
748 2432 962 2477 cooeva
1000 2431 1193 2475 manu
1216 2408 1594 2497 ‚pinguntur
1633 2409 1852 2477 formis
1878 2408 2098 2503 priscis
2132 2415 2196 2475 H
2224 2423 2288 2475 et
2323 2417 2363 2475 ί-
2381 2409 2484 2483 νεΙ,
2500 2416 2573 2475 *1.
2663 2414 2789 2476 At-

472 2522 517 2558 “
546 2537 675 2603 que
698 2512 771 2580 lfi
798 2511 1057 2602 spiritus
1082 2532 1513 2600 sepenumero
1549 2512 2158 2600 praetermittuntun
2205 2535 2690 2601 nonnumquam
2717 2513 2784 2578 in

470 2625 519 2660 “
546 2615 857 2684 vocabulo
882 2614 1093 2682 medio
1118 2639 1161 2682 a
1194 2637 1299 2680 me
1322 2615 1690 2680 observatos
1729 2615 2006 2683 memini.
2091 2616 2354 2684 Litterae
2383 2623 2412 2680 Ι
2441 2631 2506 2682 et
2535 2623 2595 2680 Τ
2622 2641 2788 2704 pun-

470 2728 517 2762 “
544 2735 719 2786 ctum
748 2719 1073 2806 geminum
1114 2716 1489 2806 plerumque
1514 2717 1584 2782 in
1611 2717 1814 2806 capite
1845 2734 2102 2806 gerunt,
2129 2719 2232 2786 vel
2273 2720 2606 2786 diaeres‘eos
2633 2743 2784 2808 gra-

470 2825 519 2858 “
548 2817 659 2896 tia,
690 2817 791 2882 vel
832 2816 985 2904 quia
1009 2817 1391 2882 vocabulum
1416 2817 1662 2905 incipit,
1691 2817 1792 2884 vel
1829 2817 1966 2884 aliis
2007 2819 2090 2885 de
2113 2821 2334 2886 causis.
2421 2823 2548 2888 Est
2589 2822 2780 2888 etiam

471 2927 517 2962 “
546 2917 917 2996 ὖποδεαστολὴ
954 2920 1029 3002 (,)
1063 2918 1165 2984 vel
1194 2921 1303 3004 (ς).
1390 2921 1517 2984 Est
1561 2921 1688 3002 ὑφὲυ
1731 2923 1806 3004 (“)
1837 2919 1904 2984 in
1941 2921 2148 2988 verbis
2187 2923 2566 3010 compositis·
2655 2926 2782 2990 Est

470 3029 517 3064 ‘⁴
546 3020 957 3109 perfrequens
984 3030 1319 3109 punctum.
1408 3024 1558 3086 Iota
1585 3021 1764 3109 quod
1801 3022 1984 3091 aiunt
2007 3025 2432 3112 subscriptum
2460 3049 2780 3113 nusquam

450 3133 517 3171 «“
544 3123 783 3204 videns,
810 3122 921 3188 sed
960 3120 1031 3188 id
1058 3122 1159 3188 vel
1200 3123 1578 3200 continuum
1605 3123 1924 3204 scribitur,
1953 3125 2054 3191 vel
2085 3150 2250 3214 saepe
2289 3127 2632 3208 omittitur,
2671 3129 2780 3200 „vel

471 3232 518 3266 “
546 3238 780 3290 temere
816 3225 1155 3305 redundat,
1182 3226 1288 3290 vel
1320 3235 1515 3314 supra
1541 3249 1792 3318 versum
1821 3242 1934 3298 est,
2026 3228 2200 3307 Quin
2242 3229 2402 3294 adeo
2428 3231 2778 3319 longarum

467 3333 513 3368 “
540 3328 944 3413 breviumque
964 3326 1345 3414 syllabarum
1388 3342 1556 3394 notoe
1597 3329 1666 3394 in
1707 3329 1860 3398 locis
1897 3330 2202 3418 appositae
2239 3346 2388 3398 sunt
2429 3332 2498 3396 in
2538 3334 2779 3421 quibus

450 3433 511 3483 .“
536 3425 795 3492 minime
824 3429 1147 3494 Homerus
1166 3431 1702 3496 communioribus
1721 3433 2029 3520 prosodiae
2057 3433 2306 3520 legibus
2333 3435 2776 3524 obtemperare

456 3536 514 3586 .“
540 3527 809 3594 videtur.
929 3529 1103 3608 Quid
1144 3531 1307 3596 ratio
1342 3535 1752 3598 accentuum?
1837 3535 2003 3600 Haec
2045 3557 2304 3626 quoque
2353 3537 2532 3602 varia
2573 3552 2642 3604 et
2681 3539 2778 3604 in-

458 3640 512 3674 “
538 3645 711 3697 certa
750 3645 867 3710 est,
908 3629 1125 3696 multis
1163 3633 1616 3720 praetermissis,
1663 3657 1830 3722 saepe
1873 3649 2082 3700 tamen
2129 3660 2166 3700 e
2213 3637 2776 3724 grammaticorum

446 3742 510 3788 -“
542 3735 849 3802 sententia
903 3734 1201 3822 perdocte
1256 3747 1321 3800 et
1372 3736 1700 3802 commode
1743 3737 2120 3805 constitutis.
2209 3739 2381 3817 Quin
2423 3754 2485 3805 et
2537 3741 2778 3828 gemini

460 3845 509 3880 ‘⁶
536 3837 879 3925 aliquando
906 3851 1199 3903 accentus
1218 3837 1481 3904 eandem
1502 3861 1720 3904 vocem
1740 3839 2009 3914 feriunt;
2041 3840 2328 3928 plerique
2351 3865 2504 3906 vero
2531 3852 2776 3922 omnen,

446 3946 509 3992 -“
539 3951 615 4004 ut
641 3948 707 4004 et
732 3941 867 4017 ὑῲὶν
888 3953 954 4004 et
980 3939 1409 4028 quantitatum
1436 3941 1666 4030 apices,
1695 3945 1930 4008 recenti
1951 3966 2150 4014 manu
2167 3946 2574 4032 superadditi
2593 3959 2772 4011 sunt:

448 4048 510 4108 .“
538 4041 715 4128 quod
760 4041 867 4106 vix
909 4041 1137 4107 mirum
1186 4041 1522 4120 videbitur,
1571 4066 1716 4119 cum
1759 4043 1928 4110 idem
1971 4067 2169 4133 prope
2211 4048 2452 4112 cunctis
2493 4049 2776 4136 antiquis

456 4152 509 4186 “
536 4143 857 4210 codicibus
898 4142 1144 4232 ipsique
1170 4142 1640 4209 vindobonensi
1669 4144 2024 4212 Dioscoridi
2064 4148 2362 4215 accidisse
2373 4153 2770 4221 ‚noverimus

570 4383 605 4414 Α
621 4375 697 4426 De
713 4377 789 4424 his
808 4389 911 4440 que
930 4377 1105 4424 abhinc
1124 4377 1321 4439 exponit
1340 4376 1501 4426 Maius
1523 4393 1632 4426 mox
1651 4393 1740 4442 ego
1761 4381 1904 4441 paulo
1927 4381 2190 4431 secuntias
2207 4394 2364 4444 agam.
2411 4382 2682 4434 Bm'TM.
2727 4387 2742 4398 ’
