3034 5100
1190 1353 2121 1442 SUMMARIUM.

594 1609 791 1674 Quum
819 1628 948 1668 mus
974 1607 1371 1690 insequentem
1401 1610 1706 1670 mustelam
1737 1607 2044 1690 effugisset,
2073 1619 2134 1667 et
2171 1606 2240 1667 ad
2279 1605 2548 1687 paludem
2587 1605 2714 1666 sitis
2746 1607 2824 1666 le·

513 1703 713 1764 vandoe
736 1725 905 1765 eausa
928 1705 1283 1776 cucurrisset,
1310 1705 1600 1785 colloquio
1628 1717 1757 1764 orto
1784 1704 1934 1764 inter
1959 1724 2092 1764 eum
2119 1715 2182 1763 et
2207 1721 2401 1762 ranam
2431 1702 2506 1760 de
2531 1701 2823 1782 utriusque

514 1800 643 1861 vitoe
668 1821 897 1884 genere,
928 1823 1056 1862 mus
1084 1801 1350 1864 invitatus
1378 1824 1413 1864 a
1439 1823 1579 1863 rana
1603 1801 1943 1863 conscendit
1968 1807 2090 1886 ejus
2119 1815 2364 1882 tergum,
2391 1811 2458 1858 ut
2483 1819 2590 1879 per
2615 1802 2822 1860 undam

514 1910 709 1958 vectus
748 1907 1119 1980 cognosceret
1154 1902 1309 1962 b'ona
1344 1921 1627 1962 ranarum.
1647 1901 1932 1980 (1—82).
1991 1897 2370 1960 ‘Nutantibus
2403 1917 2582 1976 quum
2623 1899 2824 1978 hydrus

514 1997 888 2075 apparuisset,
931 2017 1067 2057 rana
1106 2003 1221 2078 prule
1262 2011 1477 2059 terrore
1523 1997 1706 2058 'oblita
1751 1996 2012 2078 hospitis,
2055 1998 2305 2058 defertur
2347 1993 2411 2052 in
2441 1995 2822 2076 profundum,

518 2103 689 2170 atque
718 2093 800 2154 ita
826 2115 954 2156 mus
982 2095 1043 2154 in
1070 2115 1215 2175 aqua
1242 2095 1389 2176 perit
1420 2097 1748 2176 (83—98).
1828 2096 1973 2175 EJus
1999 2115 2162 2154 casus
2199 2107 2488 2174 spectator
2525 2111 2655 2152 mus
2692 2095 2824 2155 alius

522 2208 643 2248 rem
672 2190 853 2250 defert
880 2193 951 2250 ad
978 2213 1185 2262 mures,
1214 2193 1312 2272 qui
1338 2192 1560 2254 incitati
1587 2213 1624 2252 a
1647 2204 1810 2274 patre
1837 2192 2093 2253 suffocati
2122 2193 2298 2252 muris
2326 2194 2539 2254 bellum
2570 2193 2826 2254 adversus

522 2306 688 2346 ranas
716 2301 948 2366 parant:
996 2289 1076 2349 ita
1102 2290 1303 2356 heroes
1332 2308 1614 2360 ranarum,
1641 2289 1892 2378 primum
1919 2309 2144 2353 rumore
2170 2290 2374 2363 deinde
2399 2291 2827 2351 denuntiatione

526 2380 657 2440 belli
684 2383 989 2461 provocati,
1016 2383 1227 2463 pariter
1260 2405 1321 2444 se
1358 2385 1433 2444 ad
1470 2384 1734 2464 proelium
1763 2398 2099 2466 comparant
2131 2389 2496 2466 (99—167).
2585 2390 2826 2450 Consul-

526 2488 681 2537 tatur
704 2480 888 2561 gravis
916 2499 1003 2540 res
1030 2479 1091 2540 in
1118 2494 1405 2541 conventu
1432 2483 1668 2541 deorum
1695 2482 2032 2553 ooelestium,
2061 2485 2212 2542 unde
2239 2483 2406 2565 signo
2432 2504 2645 2566 pugnae
2683 2485 2826 2556 dato,

526 2576 729 2636 acriter
767 2590 1111 2639 concurrunt
1158 2578 1433 2641 exercitus
1483 2581 1887 2659 (168—204).
1971 2582 2282 2661 Postquam
2331 2581 2500 2641 multi
2548 2582 2827 2661 utrimque

526 2673 881 2744 cecidissent,
910 2676 1145 2736 victoria
1171 2677 1401 2736 tandem
1430 2678 1501 2736 nd
1531 2697 1718 2737 mures
1752 2676 1986 2737 inclinat
2016 2682 2041 2757 (
2051 2695 2124 2737 20
2128 2693 2284 2755 5—2
2295 2682 2421 2756 70).
2504 2679 2622 2743 Qui
2663 2701 2827 2759 quum

526 2767 603 2826 ad
628 2765 1077 2830 internecionem
1106 2789 1369 2829 ranarum
1401 2781 1739 2851 pugnarent,
1767 2770 1994 2850 Jupiter
2034 2771 2284 2851 primum
2321 2771 2564 2831 fulmine
2603 2792 2704 2832 eos
2738 2774 2828 2831 de-
2889 2770 2900 2777 ’

533 2876 740 2923 terrere
766 2877 983 2925 tentat:
1030 2868 1184 2946 quod
1210 2887 1385 2946 quum
1416 2887 1604 2927 mures
1631 2888 1750 2927 non
1776 2881 2079 2939 coerceret,
2111 2867 2267 2928 misit
2292 2888 2549 2939 cancros,
2574 2890 2613 2929 a
2637 2869 2828 2952 quibus

534 2980 723 3021 mures
751 2961 995 3037 mutilati
1024 2963 1251 3045 fugiunt
1274 2976 1335 3025 et
1358 2964 1652 3049 pugnandi
1677 2967 1854 3027 finem
1881 2966 2098 3029 faciunt
2132 2967 2234 3045 (27
2249 2984 2442 3047 1—30
2447 2969 2538 3049 5).
