<?xml version="1.0" encoding="UTF-8"?>
<!DOCTYPE html PUBLIC "-//W3C//DTD XHTML 1.0 Transitional//EN"
    "http://www.w3.org/TR/xhtml1/DTD/xhtml1-transitional.dtd">
<html xmlns="http://www.w3.org/1999/xhtml" xml:lang="en" lang="en">
 <head>
  <title>
</title>
<meta http-equiv="Content-Type" content="text/html;charset=utf-8" />
  <meta name='ocr-system' content='tesseract 3.04.00' />
  <meta name='ocr-capabilities' content='ocr_page ocr_carea ocr_par ocr_line ocrx_word'/>
</head>
<body>
  <div class='ocr_page' id='page_1' title='image "./homeriodysseacu00unkngoog_0434.png"; bbox 0 0 3034 5100; ppageno 0'>
   <div class='ocr_carea' id='block_1_1' title="bbox 462 306 1802 381">
    <p class='ocr_par' dir='ltr' id='par_1_1' title="bbox 462 306 1802 381">
     <span class='ocr_line' id='line_1_1' title="bbox 462 306 1802 381; baseline 0.008 -19"><span class='ocrx_word' id='word_1_1' title='bbox 462 312 547 377; x_wconf 79' lang='lat'><strong>10</strong></span> <span class='ocrx_word' id='word_1_2' title='bbox 1426 306 1802 381; x_wconf 75' lang='lat' dir='ltr'><strong>1L1Ams</strong></span> 
     </span>
    </p>
   </div>
   <div class='ocr_carea' id='block_1_2' title="bbox 455 471 2799 4205">
    <p class='ocr_par' dir='ltr' id='par_1_2' title="bbox 458 471 2782 665">
     <span class='ocr_line' id='line_1_2' title="bbox 544 471 2782 563; baseline -0.004 -20"><span class='ocrx_word' id='word_1_3' title='bbox 544 476 979 543; x_wconf 85' lang='lat' dir='ltr'><strong>Memoramus</strong></span> <span class='ocrx_word' id='word_1_4' title='bbox 1004 474 1195 541; x_wconf 85' lang='lat' dir='ltr'><strong>etiam</strong></span> <span class='ocrx_word' id='word_1_5' title='bbox 1224 472 1568 563; x_wconf 87' lang='lat' dir='ltr'><strong>scripturas</strong></span> <span class='ocrx_word' id='word_1_6' title='bbox 1591 472 1938 554; x_wconf 68' lang='grc' dir='ltr'><strong>τηλεκλειτοὶ</strong></span> <span class='ocrx_word' id='word_1_7' title='bbox 1966 494 2082 561; x_wconf 90' lang='lat' dir='ltr'><strong>per</strong></span> <span class='ocrx_word' id='word_1_8' title='bbox 2111 498 2157 537; x_wconf 76' lang='grc' dir='ltr'><strong>ει,</strong></span> <span class='ocrx_word' id='word_1_9' title='bbox 2185 471 2259 540; x_wconf 77' lang='grc' dir='ltr'><strong>λ’.</strong></span> <span class='ocrx_word' id='word_1_10' title='bbox 2289 474 2444 559; x_wconf 84' lang='lat'><strong>564.</strong></span> <span class='ocrx_word' id='word_1_11' title='bbox 2473 485 2542 539; x_wconf 89' lang='lat' dir='ltr'><strong>et</strong></span> <span class='ocrx_word' id='word_1_12' title='bbox 2568 472 2782 559; x_wconf 70' lang='grc' dir='ltr'><strong>γίγνε-</strong></span> 
     </span>
     <span class='ocr_line' id='line_1_3' title="bbox 458 575 1392 665; baseline 0 -20"><span class='ocrx_word' id='word_1_13' title='bbox 458 604 557 645; x_wconf 74' lang='grc' dir='ltr'><strong>ται</strong></span> <span class='ocrx_word' id='word_1_14' title='bbox 584 584 669 663; x_wconf 75' lang='grc' dir='ltr'><strong>μ’.</strong></span> <span class='ocrx_word' id='word_1_15' title='bbox 704 598 848 665; x_wconf 81' lang='lat'><strong>150.</strong></span> <span class='ocrx_word' id='word_1_16' title='bbox 890 577 1109 664; x_wconf 73' lang='grc' dir='ltr'><strong>γίνεται</strong></span> <span class='ocrx_word' id='word_1_17' title='bbox 1137 575 1212 657; x_wconf 70' lang='grc' dir='ltr'><strong>ἴ.</strong></span> <span class='ocrx_word' id='word_1_18' title='bbox 1240 597 1392 665; x_wconf 82' lang='lat'><strong>415.</strong></span> 
     </span>
    </p>

    <p class='ocr_par' dir='ltr' id='par_1_3' title="bbox 455 674 2790 1053">
     <span class='ocr_line' id='line_1_4' title="bbox 544 674 2788 767; baseline -0.004 -20"><span class='ocrx_word' id='word_1_19' title='bbox 544 682 839 747; x_wconf 86' lang='lat' dir='ltr'><strong>Formam</strong></span> <span class='ocrx_word' id='word_1_20' title='bbox 868 680 1217 767; x_wconf 70' lang='grc' dir='ltr'><strong>ἀποκριθέντι</strong></span> <span class='ocrx_word' id='word_1_21' title='bbox 1247 679 1307 745; x_wconf 85' lang='grc' dir='ltr'><strong>ε’.</strong></span> <span class='ocrx_word' id='word_1_22' title='bbox 1346 698 1445 749; x_wconf 78' lang='lat'><strong>12.</strong></span> <span class='ocrx_word' id='word_1_23' title='bbox 1484 678 1672 745; x_wconf 89' lang='lat' dir='ltr'><strong>multi</strong></span> <span class='ocrx_word' id='word_1_24' title='bbox 1704 700 1963 767; x_wconf 89' lang='lat' dir='ltr'><strong>quoque</strong></span> <span class='ocrx_word' id='word_1_25' title='bbox 2001 676 2264 767; x_wconf 86' lang='lat' dir='ltr'><strong>Heynio</strong></span> <span class='ocrx_word' id='word_1_26' title='bbox 2303 674 2636 743; x_wconf 87' lang='lat' dir='ltr'><strong>memorati</strong></span> <span class='ocrx_word' id='word_1_27' title='bbox 2675 700 2788 740; x_wconf 84' lang='lat' dir='ltr'><strong>ex-</strong></span> 
     </span>
     <span class='ocr_line' id='line_1_5' title="bbox 455 778 2789 869; baseline -0.003 -20"><span class='ocrx_word' id='word_1_28' title='bbox 455 783 713 857; x_wconf 85' lang='lat' dir='ltr'><strong>hibent;</strong></span> <span class='ocrx_word' id='word_1_29' title='bbox 760 804 969 869; x_wconf 88' lang='lat' dir='ltr'><strong>neque</strong></span> <span class='ocrx_word' id='word_1_30' title='bbox 994 795 1215 847; x_wconf 85' lang='lat' dir='ltr'><strong>contra</strong></span> <span class='ocrx_word' id='word_1_31' title='bbox 1240 794 1516 848; x_wconf 89' lang='lat' dir='ltr'><strong>metrum</strong></span> <span class='ocrx_word' id='word_1_32' title='bbox 1553 782 1673 847; x_wconf 92' lang='lat' dir='ltr'><strong>hoc</strong></span> <span class='ocrx_word' id='word_1_33' title='bbox 1711 781 1849 845; x_wconf 87' lang='lat' dir='ltr'><strong>fieri</strong></span> <span class='ocrx_word' id='word_1_34' title='bbox 1889 794 2022 847; x_wconf 87' lang='lat' dir='ltr'><strong>tam</strong></span> <span class='ocrx_word' id='word_1_35' title='bbox 2063 794 2236 847; x_wconf 86' lang='lat' dir='ltr'><strong>certo</strong></span> <span class='ocrx_word' id='word_1_36' title='bbox 2279 778 2575 867; x_wconf 85' lang='lat' dir='ltr'><strong>equidem</strong></span> <span class='ocrx_word' id='word_1_37' title='bbox 2619 778 2789 843; x_wconf 88' lang='lat' dir='ltr'><strong>affir-</strong></span> 
     </span>
     <span class='ocr_line' id='line_1_6' title="bbox 456 880 2790 973; baseline -0.002 -24"><span class='ocrx_word' id='word_1_38' title='bbox 456 884 781 964; x_wconf 84' lang='lat' dir='ltr'><strong>maverim,</strong></span> <span class='ocrx_word' id='word_1_39' title='bbox 822 906 969 949; x_wconf 91' lang='lat' dir='ltr'><strong>cum</strong></span> <span class='ocrx_word' id='word_1_40' title='bbox 1013 906 1141 949; x_wconf 89' lang='lat' dir='ltr'><strong>non</strong></span> <span class='ocrx_word' id='word_1_41' title='bbox 1182 897 1508 973; x_wconf 80' lang='lat' dir='ltr'>appareat,</span> <span class='ocrx_word' id='word_1_42' title='bbox 1549 905 1666 949; x_wconf 89' lang='lat' dir='ltr'><strong>cur</strong></span> <span class='ocrx_word' id='word_1_43' title='bbox 1693 882 1975 950; x_wconf 77' lang='lat' dir='ltr'>vocalem</span> <span class='ocrx_word' id='word_1_44' title='bbox 2017 882 2086 957; x_wconf 81' lang='lat' dir='ltr'><strong>in</strong></span> <span class='ocrx_word' id='word_1_45' title='bbox 2127 881 2359 950; x_wconf 85' lang='lat' dir='ltr'><strong>talibus</strong></span> <span class='ocrx_word' id='word_1_46' title='bbox 2403 880 2595 951; x_wconf 85' lang='lat' dir='ltr'><strong>etiam</strong></span> <span class='ocrx_word' id='word_1_47' title='bbox 2639 904 2790 969; x_wconf 88' lang='lat' dir='ltr'><strong>pro-</strong></span> 
     </span>
     <span class='ocr_line' id='line_1_7' title="bbox 458 986 1141 1053; baseline 0.001 -2"><span class='ocrx_word' id='word_1_48' title='bbox 458 986 691 1053; x_wconf 87' lang='lat' dir='ltr'><strong>ducere</strong></span> <span class='ocrx_word' id='word_1_49' title='bbox 720 1008 845 1052; x_wconf 90' lang='lat' dir='ltr'><strong>non</strong></span> <span class='ocrx_word' id='word_1_50' title='bbox 876 986 1141 1053; x_wconf 82' lang='lat' dir='ltr'><strong>licuerit.</strong></span> 
     </span>
    </p>

    <p class='ocr_par' dir='ltr' id='par_1_4' title="bbox 456 1088 2790 1261">
     <span class='ocr_line' id='line_1_8' title="bbox 545 1088 2790 1178; baseline -0.001 -23"><span class='ocrx_word' id='word_1_51' title='bbox 545 1094 724 1174; x_wconf 80' lang='grc' dir='ltr'>Εμοῖο</span> <span class='ocrx_word' id='word_1_52' title='bbox 768 1103 981 1155; x_wconf 87' lang='lat' dir='ltr'><strong>autem</strong></span> <span class='ocrx_word' id='word_1_53' title='bbox 1024 1112 1143 1178; x_wconf 83' lang='lat' dir='ltr'><strong>pro</strong></span> <span class='ocrx_word' id='word_1_54' title='bbox 1186 1093 1332 1174; x_wconf 77' lang='grc' dir='ltr'><strong>ἐμεῖο</strong></span> <span class='ocrx_word' id='word_1_55' title='bbox 1376 1090 1454 1156; x_wconf 78' lang='grc' dir='ltr'><strong>λ’.</strong></span> <span class='ocrx_word' id='word_1_56' title='bbox 1497 1090 1648 1157; x_wconf 88' lang='lat'><strong>606.</strong></span> <span class='ocrx_word' id='word_1_57' title='bbox 1698 1088 2020 1155; x_wconf 83' lang='lat' dir='ltr'><strong>familiaris</strong></span> <span class='ocrx_word' id='word_1_58' title='bbox 2062 1088 2253 1155; x_wconf 87' lang='lat' dir='ltr'><strong>etiam</strong></span> <span class='ocrx_word' id='word_1_59' title='bbox 2295 1089 2618 1154; x_wconf 83' lang='lat' dir='ltr'><strong>veteribus</strong></span> <span class='ocrx_word' id='word_1_60' title='bbox 2660 1088 2790 1153; x_wconf 84' lang='lat' dir='ltr'><strong>fuit</strong></span> 
     </span>
     <span class='ocr_line' id='line_1_9' title="bbox 456 1193 767 1261; baseline -0.006 0"><span class='ocrx_word' id='word_1_61' title='bbox 456 1193 767 1261; x_wconf 87' lang='lat' dir='ltr'><strong>confusio.</strong></span> 
     </span>
    </p>

    <p class='ocr_par' dir='ltr' id='par_1_5' title="bbox 456 1292 2796 2308">
     <span class='ocr_line' id='line_1_10' title="bbox 544 1292 2796 1384; baseline 0 -27"><span class='ocrx_word' id='word_1_62' title='bbox 544 1292 841 1357; x_wconf 82' lang='lat' dir='ltr'><strong>Tandem</strong></span> <span class='ocrx_word' id='word_1_63' title='bbox 884 1316 1059 1359; x_wconf 85' lang='lat' dir='ltr'><strong>mera</strong></span> <span class='ocrx_word' id='word_1_64' title='bbox 1098 1316 1355 1381; x_wconf 87' lang='lat' dir='ltr'><strong>quoque</strong></span> <span class='ocrx_word' id='word_1_65' title='bbox 1398 1293 1630 1359; x_wconf 87' lang='lat' dir='ltr'><strong>menda</strong></span> <span class='ocrx_word' id='word_1_66' title='bbox 1671 1293 2022 1361; x_wconf 82' lang='lat' dir='ltr'><strong>exscribere</strong></span> <span class='ocrx_word' id='word_1_67' title='bbox 2055 1316 2183 1359; x_wconf 89' lang='lat' dir='ltr'><strong>non</strong></span> <span class='ocrx_word' id='word_1_68' title='bbox 2223 1294 2467 1383; x_wconf 87' lang='lat' dir='ltr'><strong>pigebit</strong></span> <span class='ocrx_word' id='word_1_69' title='bbox 2511 1294 2594 1361; x_wconf 79' lang='grc' dir='ltr'><strong>α’..</strong></span> <span class='ocrx_word' id='word_1_70' title='bbox 2628 1315 2796 1384; x_wconf 80' lang='lat'><strong>322..</strong></span> 
     </span>
     <span class='ocr_line' id='line_1_11' title="bbox 458 1396 2786 1486; baseline 0.002 -25"><span class='ocrx_word' id='word_1_71' title='bbox 458 1396 873 1483; x_wconf 67' lang='grc' dir='ltr'><strong>ΑΧΙΛΗῼΣ,</strong></span> <span class='ocrx_word' id='word_1_72' title='bbox 903 1398 1057 1485; x_wconf 86' lang='grc'><strong>346.</strong></span> <span class='ocrx_word' id='word_1_73' title='bbox 1104 1402 1372 1478; x_wconf 82' lang='grc' dir='ltr'><strong>ΕΓΑΓΕ</strong></span> <span class='ocrx_word' id='word_1_74' title='bbox 1410 1420 1532 1485; x_wconf 87' lang='lat' dir='ltr'><strong>pro</strong></span> <span class='ocrx_word' id='word_1_75' title='bbox 1571 1398 1784 1483; x_wconf 77' lang='grc' dir='ltr'><strong>ἤγαγε,</strong></span> <span class='ocrx_word' id='word_1_76' title='bbox 1813 1400 1970 1486; x_wconf 87' lang='grc'><strong>438.</strong></span> <span class='ocrx_word' id='word_1_77' title='bbox 2015 1404 2486 1479; x_wconf 82' lang='grc' dir='ltr'>ΗΚΕΒΟΛΩῙ,</span> <span class='ocrx_word' id='word_1_78' title='bbox 2519 1398 2611 1479; x_wconf 76' lang='grc' dir='ltr'><strong>β’.</strong></span> <span class='ocrx_word' id='word_1_79' title='bbox 2633 1402 2786 1486; x_wconf 89' lang='grc'><strong>389.</strong></span> 
     </span>
     <span class='ocr_line' id='line_1_12' title="bbox 456 1497 2787 1588; baseline 0.002 -27"><span class='ocrx_word' id='word_1_80' title='bbox 456 1501 797 1579; x_wconf 80' lang='grc' dir='ltr'><strong>ΕΓΧΕΕΙ,</strong></span> <span class='ocrx_word' id='word_1_81' title='bbox 821 1497 901 1565; x_wconf 70' lang='grc' dir='ltr'><strong>π’.</strong></span> <span class='ocrx_word' id='word_1_82' title='bbox 926 1516 1073 1581; x_wconf 78' lang='lat'><strong>224.</strong></span> <span class='ocrx_word' id='word_1_83' title='bbox 1102 1502 1491 1563; x_wconf 84' lang='grc' dir='ltr'><strong>ΧΛΑῙΝΩΝ</strong></span> <span class='ocrx_word' id='word_1_84' title='bbox 1514 1522 1632 1588; x_wconf 88' lang='lat' dir='ltr'><strong>pro</strong></span> <span class='ocrx_word' id='word_1_85' title='bbox 1655 1500 1954 1588; x_wconf 77' lang='grc' dir='ltr'><strong>χλαινάων</strong></span> <span class='ocrx_word' id='word_1_86' title='bbox 1977 1512 2196 1566; x_wconf 90' lang='lat' dir='ltr'><strong>contra</strong></span> <span class='ocrx_word' id='word_1_87' title='bbox 2224 1512 2499 1565; x_wconf 86' lang='lat' dir='ltr'><strong>metrum</strong></span> <span class='ocrx_word' id='word_1_88' title='bbox 2519 1499 2609 1583; x_wconf 82' lang='grc' dir='ltr'><strong>μ’.</strong></span> <span class='ocrx_word' id='word_1_89' title='bbox 2643 1521 2787 1588; x_wconf 85' lang='lat'><strong>139.</strong></span> 
     </span>
     <span class='ocr_line' id='line_1_13' title="bbox 458 1600 2792 1689; baseline 0.001 -24"><span class='ocrx_word' id='word_1_90' title='bbox 458 1601 887 1682; x_wconf 81' lang='grc' dir='ltr'><strong>ΟΡΗΣΤΗΝ,</strong></span> <span class='ocrx_word' id='word_1_91' title='bbox 936 1600 1007 1667; x_wconf 85' lang='grc' dir='ltr'><strong>κ’.</strong></span> <span class='ocrx_word' id='word_1_92' title='bbox 1052 1605 1205 1688; x_wconf 80' lang='lat'><strong>560.</strong></span> <span class='ocrx_word' id='word_1_93' title='bbox 1250 1605 1801 1681; x_wconf 81' lang='grc' dir='ltr'><strong>ΔῙΟΚΑῙΔΕΚΑ,</strong></span> <span class='ocrx_word' id='word_1_94' title='bbox 1847 1601 1925 1667; x_wconf 80' lang='grc' dir='ltr'><strong>λ’.</strong></span> <span class='ocrx_word' id='word_1_95' title='bbox 1972 1604 2119 1678; x_wconf 91' lang='lat'>607.</span> <span class='ocrx_word' id='word_1_96' title='bbox 2163 1601 2615 1670; x_wconf 78' lang='grc' dir='ltr'><strong>ΑΧΙΛΛΕΗΣ</strong></span> <span class='ocrx_word' id='word_1_97' title='bbox 2670 1625 2792 1689; x_wconf 87' lang='lat' dir='ltr'><strong>pro</strong></span> 
     </span>
     <span class='ocr_line' id='line_1_14' title="bbox 458 1703 2793 1793; baseline 0.001 -22"><span class='ocrx_word' id='word_1_98' title='bbox 458 1705 601 1781; x_wconf 67' lang='grc' dir='ltr'><strong>-εὖς,</strong></span> <span class='ocrx_word' id='word_1_99' title='bbox 624 1705 693 1771; x_wconf 81' lang='lat' dir='ltr'><strong>o‘.</strong></span> <span class='ocrx_word' id='word_1_100' title='bbox 726 1710 877 1793; x_wconf 88' lang='lat'><em>679.</em></span> <span class='ocrx_word' id='word_1_101' title='bbox 910 1709 1470 1785; x_wconf 83' lang='grc' dir='ltr'><strong>ΚΕΛΗΘΙΖΕΙΝ,</strong></span> <span class='ocrx_word' id='word_1_102' title='bbox 1504 1705 1572 1770; x_wconf 83' lang='grc' dir='ltr'><strong>δ’.</strong></span> <span class='ocrx_word' id='word_1_103' title='bbox 1613 1724 1756 1773; x_wconf 78' lang='lat'><strong>112.</strong></span> <span class='ocrx_word' id='word_1_104' title='bbox 1787 1709 2210 1785; x_wconf 72' lang='grc' dir='ltr'><strong>ΚΡΥΣΕΗΝ,</strong></span> <span class='ocrx_word' id='word_1_105' title='bbox 2239 1703 2322 1787; x_wconf 81' lang='grc' dir='ltr'><strong>μ’.</strong></span> <span class='ocrx_word' id='word_1_106' title='bbox 2357 1724 2509 1791; x_wconf 79' lang='lat'><strong>232.</strong></span> <span class='ocrx_word' id='word_1_107' title='bbox 2541 1710 2793 1773; x_wconf 81' lang='lat' dir='ltr'>AMEL-</span> 
     </span>
     <span class='ocr_line' id='line_1_15' title="bbox 462 1808 2794 1898; baseline 0.001 -25"><span class='ocrx_word' id='word_1_108' title='bbox 462 1812 711 1875; x_wconf 88' lang='lat' dir='ltr'>MONA</span> <span class='ocrx_word' id='word_1_109' title='bbox 739 1813 920 1890; x_wconf 80' lang='grc' dir='ltr'><strong>τοῦδε,</strong></span> <span class='ocrx_word' id='word_1_110' title='bbox 948 1808 1014 1876; x_wconf 75' lang='grc' dir='ltr'><strong>ν’.</strong></span> <span class='ocrx_word' id='word_1_111' title='bbox 1043 1830 1191 1897; x_wconf 86' lang='grc'><strong>393.</strong></span> <span class='ocrx_word' id='word_1_112' title='bbox 1224 1812 1876 1879; x_wconf 81' lang='grc' dir='ltr'><strong>ΑΙΜΑΤΟΘΣΣΗΣ.</strong></span> <span class='ocrx_word' id='word_1_113' title='bbox 1967 1812 2041 1875; x_wconf 90' lang='lat' dir='ltr'><strong>In</strong></span> <span class='ocrx_word' id='word_1_114' title='bbox 2070 1810 2304 1898; x_wconf 90' lang='lat' dir='ltr'><strong>quibus</strong></span> <span class='ocrx_word' id='word_1_115' title='bbox 2321 1833 2471 1896; x_wconf 82' lang='lat' dir='ltr'><strong>quae</strong></span> <span class='ocrx_word' id='word_1_116' title='bbox 2491 1808 2623 1873; x_wconf 89' lang='lat' dir='ltr'><strong>sint</strong></span> <span class='ocrx_word' id='word_1_117' title='bbox 2643 1834 2794 1875; x_wconf 87' lang='lat' dir='ltr'><strong>vera</strong></span> 
     </span>
     <span class='ocr_line' id='line_1_16' title="bbox 460 1911 2794 2003; baseline -0.002 -22"><span class='ocrx_word' id='word_1_118' title='bbox 460 1914 693 1983; x_wconf 75' lang='lat' dir='ltr'><strong>codicis</strong></span> <span class='ocrx_word' id='word_1_119' title='bbox 718 1914 987 2003; x_wconf 81' lang='lat' dir='ltr'><strong>antiqui,</strong></span> <span class='ocrx_word' id='word_1_120' title='bbox 1016 1938 1165 2001; x_wconf 84' lang='lat' dir='ltr'><strong>quae</strong></span> <span class='ocrx_word' id='word_1_121' title='bbox 1202 1913 1624 2000; x_wconf 80' lang='lat' dir='ltr'><strong>exscriptoris,</strong></span> <span class='ocrx_word' id='word_1_122' title='bbox 1656 1938 1804 2001; x_wconf 85' lang='lat' dir='ltr'><strong>quae</strong></span> <span class='ocrx_word' id='word_1_123' title='bbox 1835 1915 2184 2003; x_wconf 83' lang='lat' dir='ltr'><strong>typothetoe</strong></span> <span class='ocrx_word' id='word_1_124' title='bbox 2213 1911 2463 1991; x_wconf 88' lang='lat' dir='ltr'><strong>menda,</strong></span> <span class='ocrx_word' id='word_1_125' title='bbox 2496 1912 2652 1977; x_wconf 88' lang='lat' dir='ltr'><strong>olim</strong></span> <span class='ocrx_word' id='word_1_126' title='bbox 2677 1938 2794 2002; x_wconf 83' lang='lat' dir='ltr'><strong>pa-</strong></span> 
     </span>
     <span class='ocr_line' id='line_1_17' title="bbox 462 2014 2790 2103; baseline -0 -23"><span class='ocrx_word' id='word_1_127' title='bbox 462 2015 920 2095; x_wconf 63' lang='lat' dir='ltr'><strong>tebit—Quod</strong></span> <span class='ocrx_word' id='word_1_128' title='bbox 964 2030 1177 2081; x_wconf 89' lang='lat' dir='ltr'><strong>autem</strong></span> <span class='ocrx_word' id='word_1_129' title='bbox 1224 2015 1445 2080; x_wconf 80' lang='lat' dir='ltr'><strong>Maius</strong></span> <span class='ocrx_word' id='word_1_130' title='bbox 1485 2014 1554 2081; x_wconf 91' lang='lat' dir='ltr'><strong>in</strong></span> <span class='ocrx_word' id='word_1_131' title='bbox 1597 2033 1748 2083; x_wconf 85' lang='lat' dir='ltr'><strong>nota</strong></span> <span class='ocrx_word' id='word_1_132' title='bbox 1785 2016 1869 2081; x_wconf 87' lang='lat' dir='ltr'><strong>ad</strong></span> <span class='ocrx_word' id='word_1_133' title='bbox 1909 2015 1984 2087; x_wconf 79' lang='grc' dir='ltr'><strong>κ’..</strong></span> <span class='ocrx_word' id='word_1_134' title='bbox 2009 2031 2164 2103; x_wconf 82' lang='grc'><strong>557.</strong></span> <span class='ocrx_word' id='word_1_135' title='bbox 2208 2014 2618 2095; x_wconf 83' lang='lat' dir='ltr'><strong>refert,‚voci.</strong></span> <span class='ocrx_word' id='word_1_136' title='bbox 2646 2019 2790 2095; x_wconf 73' lang='grc' dir='ltr'><strong>ἐπειὴ</strong></span> 
     </span>
     <span class='ocr_line' id='line_1_18' title="bbox 462 2117 2793 2207; baseline 0 -25"><span class='ocrx_word' id='word_1_137' title='bbox 462 2117 685 2183; x_wconf 80' lang='lat' dir='ltr'><strong>vitiose</strong></span> <span class='ocrx_word' id='word_1_138' title='bbox 724 2118 813 2183; x_wconf 90' lang='lat' dir='ltr'><strong>ibi</strong></span> <span class='ocrx_word' id='word_1_139' title='bbox 860 2126 905 2159; x_wconf 89' lang='lat'><strong>“</strong></span> <span class='ocrx_word' id='word_1_140' title='bbox 928 2118 1408 2207; x_wconf 87' lang='lat' dir='ltr'><strong>superadditum</strong></span> <span class='ocrx_word' id='word_1_141' title='bbox 1450 2142 1585 2185; x_wconf 87' lang='lat' dir='ltr'><strong>esse</strong></span> <span class='ocrx_word' id='word_1_142' title='bbox 1628 2122 1679 2199; x_wconf 79' lang='grc' dir='ltr'><strong>ὃ,</strong></span> <span class='ocrx_word' id='word_1_143' title='bbox 1719 2134 1794 2185; x_wconf 89' lang='lat' dir='ltr'><strong>ut</strong></span> <span class='ocrx_word' id='word_1_144' title='bbox 1838 2119 1918 2185; x_wconf 88' lang='lat' dir='ltr'><strong>sit</strong></span> <span class='ocrx_word' id='word_1_145' title='bbox 1961 2121 2171 2199; x_wconf 64' lang='grc' dir='ltr'><strong>ἐπειὸὴ”</strong></span> <span class='ocrx_word' id='word_1_146' title='bbox 2213 2118 2282 2183; x_wconf 90' lang='lat' dir='ltr'><strong>id</strong></span> <span class='ocrx_word' id='word_1_147' title='bbox 2323 2118 2484 2184; x_wconf 85' lang='lat' dir='ltr'><strong>mihi</strong></span> <span class='ocrx_word' id='word_1_148' title='bbox 2525 2118 2793 2205; x_wconf 88' lang='lat' dir='ltr'><strong>quidem</strong></span> 
     </span>
     <span class='ocr_line' id='line_1_19' title="bbox 462 2219 1539 2308; baseline 0.004 -24"><span class='ocrx_word' id='word_1_149' title='bbox 462 2219 660 2285; x_wconf 86' lang='lat' dir='ltr'><strong>instar</strong></span> <span class='ocrx_word' id='word_1_150' title='bbox 684 2221 1075 2308; x_wconf 78' lang='lat' dir='ltr'><strong>glossematis</strong></span> <span class='ocrx_word' id='word_1_151' title='bbox 1102 2245 1235 2287; x_wconf 88' lang='lat' dir='ltr'><strong>esse</strong></span> <span class='ocrx_word' id='word_1_152' title='bbox 1263 2221 1539 2288; x_wconf 86' lang='lat' dir='ltr'><strong>videtur.</strong></span> 
     </span>
    </p>

    <p class='ocr_par' dir='ltr' id='par_1_6' title="bbox 461 2324 2796 3130">
     <span class='ocr_line' id='line_1_20' title="bbox 555 2324 2793 2413; baseline 0 -24"><span class='ocrx_word' id='word_1_153' title='bbox 555 2326 814 2391; x_wconf 86' lang='lat' dir='ltr'><strong>Ceteras</strong></span> <span class='ocrx_word' id='word_1_154' title='bbox 846 2324 1155 2391; x_wconf 89' lang='lat' dir='ltr'><strong>scribendi</strong></span> <span class='ocrx_word' id='word_1_155' title='bbox 1198 2324 1588 2391; x_wconf 82' lang='lat' dir='ltr'><strong>diversitates</strong></span> <span class='ocrx_word' id='word_1_156' title='bbox 1631 2346 1759 2388; x_wconf 90' lang='lat' dir='ltr'><strong>non</strong></span> <span class='ocrx_word' id='word_1_157' title='bbox 1787 2325 1920 2411; x_wconf 79' lang='lat' dir='ltr'><strong>jam</strong></span> <span class='ocrx_word' id='word_1_158' title='bbox 1962 2348 2078 2413; x_wconf 84' lang='lat' dir='ltr'><strong>per</strong></span> <span class='ocrx_word' id='word_1_159' title='bbox 2113 2324 2321 2413; x_wconf 85' lang='lat' dir='ltr'><strong>capita</strong></span> <span class='ocrx_word' id='word_1_160' title='bbox 2361 2324 2636 2393; x_wconf 86' lang='lat' dir='ltr'><strong>referam</strong></span> <span class='ocrx_word' id='word_1_161' title='bbox 2677 2325 2793 2389; x_wconf 89' lang='lat' dir='ltr'><strong>sed</strong></span> 
     </span>
     <span class='ocr_line' id='line_1_21' title="bbox 463 2427 2793 2514; baseline 0.001 -21"><span class='ocrx_word' id='word_1_162' title='bbox 463 2428 533 2493; x_wconf 91' lang='lat' dir='ltr'><strong>in</strong></span> <span class='ocrx_word' id='word_1_163' title='bbox 574 2428 855 2495; x_wconf 87' lang='lat' dir='ltr'><strong>lectionis</strong></span> <span class='ocrx_word' id='word_1_164' title='bbox 897 2429 1196 2495; x_wconf 84' lang='lat' dir='ltr'><strong>varietate</strong></span> <span class='ocrx_word' id='word_1_165' title='bbox 1237 2427 1592 2505; x_wconf 81' lang='lat' dir='ltr'><strong>recensebO,</strong></span> <span class='ocrx_word' id='word_1_166' title='bbox 1638 2450 1832 2514; x_wconf 86' lang='lat' dir='ltr'><strong>quam</strong></span> <span class='ocrx_word' id='word_1_167' title='bbox 1875 2450 1956 2491; x_wconf 84' lang='lat' dir='ltr'><strong>ex</strong></span> <span class='ocrx_word' id='word_1_168' title='bbox 1997 2427 2217 2493; x_wconf 87' lang='lat' dir='ltr'><strong>ordine</strong></span> <span class='ocrx_word' id='word_1_169' title='bbox 2262 2428 2576 2497; x_wconf 86' lang='lat' dir='ltr'><strong>librorum</strong></span> <span class='ocrx_word' id='word_1_170' title='bbox 2619 2452 2793 2497; x_wconf 83' lang='lat' dir='ltr'><strong>nnnc</strong></span> 
     </span>
     <span class='ocr_line' id='line_1_22' title="bbox 466 2529 2790 2621; baseline 0.001 -23"><span class='ocrx_word' id='word_1_171' title='bbox 466 2531 871 2621; x_wconf 61' lang='lat' dir='ltr'><strong>subjungam.</strong></span> <span class='ocrx_word' id='word_1_172' title='bbox 960 2531 1125 2597; x_wconf 87' lang='lat' dir='ltr'><strong>Maii</strong></span> <span class='ocrx_word' id='word_1_173' title='bbox 1166 2544 1379 2597; x_wconf 90' lang='lat' dir='ltr'><strong>autem</strong></span> <span class='ocrx_word' id='word_1_174' title='bbox 1422 2542 1603 2596; x_wconf 85' lang='lat' dir='ltr'><strong>notas</strong></span> <span class='ocrx_word' id='word_1_175' title='bbox 1643 2529 1734 2594; x_wconf 91' lang='lat' dir='ltr'><strong>ita</strong></span> <span class='ocrx_word' id='word_1_176' title='bbox 1775 2553 2126 2618; x_wconf 80' lang='lat' dir='ltr'><strong>excerpam.</strong></span> <span class='ocrx_word' id='word_1_177' title='bbox 2149 2545 2224 2596; x_wconf 92' lang='lat' dir='ltr'><strong>ut</strong></span> <span class='ocrx_word' id='word_1_178' title='bbox 2243 2597 2248 2602; x_wconf 78' lang='grc'><strong>,</strong></span> <span class='ocrx_word' id='word_1_179' title='bbox 2267 2556 2336 2597; x_wconf 85' lang='lat' dir='ltr'><strong>ea</strong></span> <span class='ocrx_word' id='word_1_180' title='bbox 2384 2532 2790 2620; x_wconf 84' lang='lat' dir='ltr'><strong>potissimum</strong></span> 
     </span>
     <span class='ocr_line' id='line_1_23' title="bbox 464 2631 2792 2722; baseline -0.001 -22"><span class='ocrx_word' id='word_1_181' title='bbox 464 2657 613 2722; x_wconf 83' lang='lat' dir='ltr'><strong>quoe</strong></span> <span class='ocrx_word' id='word_1_182' title='bbox 639 2634 722 2700; x_wconf 95' lang='lat' dir='ltr'><strong>de</strong></span> <span class='ocrx_word' id='word_1_183' title='bbox 748 2634 977 2700; x_wconf 91' lang='lat' dir='ltr'><strong>codicis</strong></span> <span class='ocrx_word' id='word_1_184' title='bbox 1006 2633 1318 2722; x_wconf 87' lang='lat' dir='ltr'><strong>scriptura</strong></span> <span class='ocrx_word' id='word_1_185' title='bbox 1354 2631 1710 2697; x_wconf 81' lang='lat' dir='ltr'><strong>accuratius</strong></span> <span class='ocrx_word' id='word_1_186' title='bbox 1747 2631 1836 2695; x_wconf 88' lang='lat' dir='ltr'><strong>ibi</strong></span> <span class='ocrx_word' id='word_1_187' title='bbox 1873 2632 2088 2711; x_wconf 86' lang='lat' dir='ltr'><strong>refert,</strong></span> <span class='ocrx_word' id='word_1_188' title='bbox 2111 2654 2312 2719; x_wconf 87' lang='lat' dir='ltr'><strong>quam</strong></span> <span class='ocrx_word' id='word_1_189' title='bbox 2347 2655 2426 2696; x_wconf 87' lang='lat' dir='ltr'><strong>ex</strong></span> <span class='ocrx_word' id='word_1_190' title='bbox 2469 2633 2792 2720; x_wconf 84' lang='lat' dir='ltr'><strong>impressis</strong></span> 
     </span>
     <span class='ocr_line' id='line_1_24' title="bbox 461 2731 2787 2823; baseline -0.002 -23"><span class='ocrx_word' id='word_1_191' title='bbox 461 2734 833 2823; x_wconf 85' lang='lat' dir='ltr'><strong>fragmentis</strong></span> <span class='ocrx_word' id='word_1_192' title='bbox 856 2733 1151 2822; x_wconf 82' lang='lat' dir='ltr'><strong>cognosci</strong></span> <span class='ocrx_word' id='word_1_193' title='bbox 1178 2746 1408 2822; x_wconf 89' lang='lat' dir='ltr'><strong>potest,</strong></span> <span class='ocrx_word' id='word_1_194' title='bbox 1438 2731 1652 2797; x_wconf 86' lang='lat' dir='ltr'><strong>omnia</strong></span> <span class='ocrx_word' id='word_1_195' title='bbox 1677 2733 1804 2796; x_wconf 90' lang='lat' dir='ltr'><strong>huc</strong></span> <span class='ocrx_word' id='word_1_196' title='bbox 1833 2732 2224 2811; x_wconf 84' lang='lat' dir='ltr'><strong>transferam,</strong></span> <span class='ocrx_word' id='word_1_197' title='bbox 2257 2731 2583 2819; x_wconf 86' lang='lat' dir='ltr'><strong>superflua</strong></span> <span class='ocrx_word' id='word_1_198' title='bbox 2603 2732 2787 2796; x_wconf 90' lang='lat' dir='ltr'><strong>omit-</strong></span> 
     </span>
     <span class='ocr_line' id='line_1_25' title="bbox 466 2834 2795 2923; baseline -0.002 -20"><span class='ocrx_word' id='word_1_199' title='bbox 466 2851 621 2903; x_wconf 88' lang='lat' dir='ltr'><strong>tam.</strong></span> <span class='ocrx_word' id='word_1_200' title='bbox 712 2838 972 2902; x_wconf 67' lang='lat' dir='ltr'><strong>Glossas</strong></span> <span class='ocrx_word' id='word_1_201' title='bbox 998 2837 1188 2900; x_wconf 83' lang='lat' dir='ltr'><strong>etiam</strong></span> <span class='ocrx_word' id='word_1_202' title='bbox 1218 2859 1379 2923; x_wconf 86' lang='lat' dir='ltr'><strong>quas</strong></span> <span class='ocrx_word' id='word_1_203' title='bbox 1406 2859 1486 2900; x_wconf 85' lang='lat' dir='ltr'><strong>ex</strong></span> <span class='ocrx_word' id='word_1_204' title='bbox 1512 2834 1959 2921; x_wconf 86' lang='lat' dir='ltr'><strong>antiquissimis</strong></span> <span class='ocrx_word' id='word_1_205' title='bbox 1988 2835 2086 2902; x_wconf 87' lang='lat' dir='ltr'><strong>his</strong></span> <span class='ocrx_word' id='word_1_206' title='bbox 2113 2835 2346 2900; x_wconf 88' lang='lat' dir='ltr'><strong>chartis</strong></span> <span class='ocrx_word' id='word_1_207' title='bbox 2371 2837 2530 2921; x_wconf 88' lang='lat' dir='ltr'><strong>(non</strong></span> <span class='ocrx_word' id='word_1_208' title='bbox 2552 2858 2636 2898; x_wconf 84' lang='lat' dir='ltr'><strong>ex</strong></span> <span class='ocrx_word' id='word_1_209' title='bbox 2656 2847 2795 2922; x_wconf 85' lang='lat' dir='ltr'><strong>teg-</strong></span> 
     </span>
     <span class='ocr_line' id='line_1_26' title="bbox 465 2937 2796 3027; baseline -0 -24"><span class='ocrx_word' id='word_1_210' title='bbox 465 2938 658 3018; x_wconf 90' lang='lat' dir='ltr'><strong>mine,</strong></span> <span class='ocrx_word' id='word_1_211' title='bbox 702 2939 787 3003; x_wconf 89' lang='lat' dir='ltr'><strong>de</strong></span> <span class='ocrx_word' id='word_1_212' title='bbox 834 2938 1069 3025; x_wconf 90' lang='lat' dir='ltr'><strong>quibus</strong></span> <span class='ocrx_word' id='word_1_213' title='bbox 1120 2962 1313 3027; x_wconf 87' lang='lat' dir='ltr'><strong>supra</strong></span> <span class='ocrx_word' id='word_1_214' title='bbox 1366 2938 1610 3022; x_wconf 88' lang='lat' dir='ltr'><strong>Maius)</strong></span> <span class='ocrx_word' id='word_1_215' title='bbox 1659 2961 1893 3026; x_wconf 85' lang='lat' dir='ltr'><strong>paucas</strong></span> <span class='ocrx_word' id='word_1_216' title='bbox 1941 2939 2207 3027; x_wconf 86' lang='lat' dir='ltr'><strong>protulit</strong></span> <span class='ocrx_word' id='word_1_217' title='bbox 2253 2938 2446 3019; x_wconf 91' lang='lat' dir='ltr'><strong>idem,</strong></span> <span class='ocrx_word' id='word_1_218' title='bbox 2497 2937 2796 3026; x_wconf 81' lang='lat' dir='ltr'><strong>quamvis</strong></span> 
     </span>
     <span class='ocr_line' id='line_1_27' title="bbox 462 3039 2190 3130; baseline 0.001 -26"><span class='ocrx_word' id='word_1_219' title='bbox 462 3039 646 3128; x_wconf 81' lang='lat' dir='ltr'><strong>parvi</strong></span> <span class='ocrx_word' id='word_1_220' title='bbox 671 3040 787 3106; x_wconf 81' lang='lat' dir='ltr'><strong>has</strong></span> <span class='ocrx_word' id='word_1_221' title='bbox 812 3041 1001 3107; x_wconf 87' lang='lat' dir='ltr'><strong>etiam</strong></span> <span class='ocrx_word' id='word_1_222' title='bbox 1030 3041 1331 3120; x_wconf 87' lang='lat' dir='ltr'><strong>monenti,</strong></span> <span class='ocrx_word' id='word_1_223' title='bbox 1360 3055 1646 3130; x_wconf 88' lang='lat' dir='ltr'><strong>repetere</strong></span> <span class='ocrx_word' id='word_1_224' title='bbox 1673 3063 1802 3106; x_wconf 89' lang='lat' dir='ltr'><strong>non</strong></span> <span class='ocrx_word' id='word_1_225' title='bbox 1831 3042 2190 3114; x_wconf 83' lang='lat' dir='ltr'><strong>detrectavi.</strong></span> 
     </span>
    </p>

    <p class='ocr_par' dir='ltr' id='par_1_7' title="bbox 462 3142 2799 4044">
     <span class='ocr_line' id='line_1_28' title="bbox 554 3142 2790 3226; baseline 0.001 -19"><span class='ocrx_word' id='word_1_226' title='bbox 554 3142 876 3208; x_wconf 84' lang='lat' dir='ltr'><strong>Lectionis</strong></span> <span class='ocrx_word' id='word_1_227' title='bbox 916 3158 1129 3209; x_wconf 88' lang='lat' dir='ltr'><strong>autem</strong></span> <span class='ocrx_word' id='word_1_228' title='bbox 1158 3142 1523 3208; x_wconf 85' lang='lat' dir='ltr'><strong>varietatem</strong></span> <span class='ocrx_word' id='word_1_229' title='bbox 1563 3144 1834 3208; x_wconf 83' lang='lat' dir='ltr'><strong>enotabo</strong></span> <span class='ocrx_word' id='word_1_230' title='bbox 1873 3145 1960 3209; x_wconf 88' lang='lat' dir='ltr'><strong>ad</strong></span> <span class='ocrx_word' id='word_1_231' title='bbox 1999 3158 2246 3213; x_wconf 83' lang='lat' dir='ltr'><strong>textum</strong></span> <span class='ocrx_word' id='word_1_232' title='bbox 2291 3147 2790 3226; x_wconf 68' lang='lat' dir='ltr'><strong>Emestia‘num,</strong></span> 
     </span>
     <span class='ocr_line' id='line_1_29' title="bbox 462 3243 2792 3333; baseline 0.001 -23"><span class='ocrx_word' id='word_1_233' title='bbox 462 3244 657 3310; x_wconf 65' lang='lat' dir='ltr'><strong>itaut</strong></span> <span class='ocrx_word' id='word_1_234' title='bbox 679 3244 1075 3311; x_wconf 84' lang='lat' dir='ltr'><strong>Wolfianum</strong></span> <span class='ocrx_word' id='word_1_235' title='bbox 1103 3244 1215 3309; x_wconf 93' lang='lat' dir='ltr'><strong>ubi</strong></span> <span class='ocrx_word' id='word_1_236' title='bbox 1243 3267 1393 3309; x_wconf 89' lang='lat' dir='ltr'><strong>cum</strong></span> <span class='ocrx_word' id='word_1_237' title='bbox 1419 3244 1530 3308; x_wconf 91' lang='lat' dir='ltr'><strong>illo</strong></span> <span class='ocrx_word' id='word_1_238' title='bbox 1557 3245 1872 3333; x_wconf 88' lang='lat' dir='ltr'><strong>conspirat</strong></span> <span class='ocrx_word' id='word_1_239' title='bbox 1898 3259 2156 3318; x_wconf 84' lang='lat' dir='ltr'><strong>taceam.</strong></span> <span class='ocrx_word' id='word_1_240' title='bbox 2248 3248 2386 3314; x_wconf 88' lang='lat' dir='ltr'><strong>Ubi</strong></span> <span class='ocrx_word' id='word_1_241' title='bbox 2411 3271 2564 3318; x_wconf 88' lang='lat' dir='ltr'><strong>vero</strong></span> <span class='ocrx_word' id='word_1_242' title='bbox 2595 3243 2792 3313; x_wconf 89' lang='lat' dir='ltr'><strong>Wol-</strong></span> 
     </span>
     <span class='ocr_line' id='line_1_30' title="bbox 464 3344 2793 3439; baseline 0.004 -32"><span class='ocrx_word' id='word_1_243' title='bbox 464 3344 633 3408; x_wconf 84' lang='lat' dir='ltr'><strong>fiana</strong></span> <span class='ocrx_word' id='word_1_244' title='bbox 671 3345 856 3410; x_wconf 88' lang='lat' dir='ltr'><strong>lectio</strong></span> <span class='ocrx_word' id='word_1_245' title='bbox 896 3347 1212 3436; x_wconf 84' lang='lat' dir='ltr'><strong>conspirat</strong></span> <span class='ocrx_word' id='word_1_246' title='bbox 1252 3370 1399 3412; x_wconf 88' lang='lat' dir='ltr'><strong>cum</strong></span> <span class='ocrx_word' id='word_1_247' title='bbox 1444 3347 1889 3427; x_wconf 85' lang='lat' dir='ltr'><strong>Ambrosiana,</strong></span> <span class='ocrx_word' id='word_1_248' title='bbox 1917 3348 2039 3414; x_wconf 90' lang='lat' dir='ltr'><strong>hoc</strong></span> <span class='ocrx_word' id='word_1_249' title='bbox 2055 3387 2060 3392; x_wconf 93' lang='lat'><em>·</em></span> <span class='ocrx_word' id='word_1_250' title='bbox 2077 3349 2296 3414; x_wconf 81' lang='lat' dir='ltr'><strong>addita</strong></span> <span class='ocrx_word' id='word_1_251' title='bbox 2323 3349 2407 3414; x_wconf 85' lang='lat' dir='ltr'><strong>ad</strong></span> <span class='ocrx_word' id='word_1_252' title='bbox 2434 3350 2604 3415; x_wconf 87' lang='lat' dir='ltr'><strong>hanc</strong></span> <span class='ocrx_word' id='word_1_253' title='bbox 2630 3350 2793 3439; x_wconf 80' lang='lat' dir='ltr'><strong>sigla</strong></span> 
     </span>
     <span class='ocr_line' id='line_1_31' title="bbox 475 3447 2794 3539; baseline 0.004 -28"><span class='ocrx_word' id='word_1_254' title='bbox 475 3447 643 3532; x_wconf 88' lang='lat' dir='ltr'><strong>(W.)</strong></span> <span class='ocrx_word' id='word_1_255' title='bbox 690 3449 940 3513; x_wconf 89' lang='lat' dir='ltr'><strong>notab0.</strong></span> <span class='ocrx_word' id='word_1_256' title='bbox 1030 3450 1327 3539; x_wconf 89' lang='lat' dir='ltr'><strong>Denique</strong></span> <span class='ocrx_word' id='word_1_257' title='bbox 1369 3450 1481 3515; x_wconf 92' lang='lat' dir='ltr'><strong>ubi</strong></span> <span class='ocrx_word' id='word_1_258' title='bbox 1523 3451 1608 3516; x_wconf 89' lang='lat' dir='ltr'><strong>ab</strong></span> <span class='ocrx_word' id='word_1_259' title='bbox 1649 3465 1940 3539; x_wconf 72' lang='lat' dir='ltr'><strong>utraque,</strong></span> <span class='ocrx_word' id='word_1_260' title='bbox 1962 3451 2198 3518; x_wconf 88' lang='lat' dir='ltr'><strong>recedit</strong></span> <span class='ocrx_word' id='word_1_261' title='bbox 2239 3453 2582 3534; x_wconf 84' lang='lat' dir='ltr'><strong>Wolfiana,</strong></span> <span class='ocrx_word' id='word_1_262' title='bbox 2626 3455 2794 3520; x_wconf 87' lang='lat' dir='ltr'><strong>hanc</strong></span> 
     </span>
     <span class='ocr_line' id='line_1_32' title="bbox 468 3546 2794 3642; baseline 0.006 -33"><span class='ocrx_word' id='word_1_263' title='bbox 468 3567 725 3634; x_wconf 90' lang='lat' dir='ltr'><strong>quoque</strong></span> <span class='ocrx_word' id='word_1_264' title='bbox 750 3546 981 3612; x_wconf 87' lang='lat' dir='ltr'><strong>diserte</strong></span> <span class='ocrx_word' id='word_1_265' title='bbox 1007 3549 1261 3615; x_wconf 87' lang='lat' dir='ltr'><strong>addam.</strong></span> <span class='ocrx_word' id='word_1_266' title='bbox 1353 3552 1745 3618; x_wconf 72' lang='lat' dir='ltr'><strong>Asterisoum</strong></span> <span class='ocrx_word' id='word_1_267' title='bbox 1775 3553 1815 3594; x_wconf 51' lang='grc' dir='ltr'><strong>θ*</strong></span> <span class='ocrx_word' id='word_1_268' title='bbox 1843 3553 1957 3618; x_wconf 88' lang='lat' dir='ltr'><strong>ubi</strong></span> <span class='ocrx_word' id='word_1_269' title='bbox 1983 3555 2274 3642; x_wconf 88' lang='lat' dir='ltr'><strong>apposui,</strong></span> <span class='ocrx_word' id='word_1_270' title='bbox 2301 3555 2670 3622; x_wconf 85' lang='lat' dir='ltr'><strong>varietatem</strong></span> <span class='ocrx_word' id='word_1_271' title='bbox 2711 3580 2794 3622; x_wconf 86' lang='lat' dir='ltr'><strong>ex</strong></span> 
     </span>
     <span class='ocr_line' id='line_1_33' title="bbox 467 3649 2796 3748; baseline 0.006 -34"><span class='ocrx_word' id='word_1_272' title='bbox 467 3649 619 3738; x_wconf 89' lang='lat' dir='ltr'><strong>ipsis</strong></span> <span class='ocrx_word' id='word_1_273' title='bbox 648 3663 895 3718; x_wconf 80' lang='lat' dir='ltr'><strong>tantum</strong></span> <span class='ocrx_word' id='word_1_274' title='bbox 923 3653 1290 3741; x_wconf 85' lang='lat' dir='ltr'><strong>fragmentis</strong></span> <span class='ocrx_word' id='word_1_275' title='bbox 1318 3655 1433 3720; x_wconf 86' lang='lat' dir='ltr'><strong>ubi</strong></span> <span class='ocrx_word' id='word_1_276' title='bbox 1462 3656 1682 3722; x_wconf 85' lang='lat' dir='ltr'><strong>Maius</strong></span> <span class='ocrx_word' id='word_1_277' title='bbox 1710 3680 1813 3721; x_wconf 88' lang='lat' dir='ltr'><strong>eas</strong></span> <span class='ocrx_word' id='word_1_278' title='bbox 1839 3657 2128 3723; x_wconf 84' lang='lat' dir='ltr'><strong>exhibuit</strong></span> <span class='ocrx_word' id='word_1_279' title='bbox 2153 3659 2539 3748; x_wconf 79' lang='lat' dir='ltr'><strong>deprompsi,</strong></span> <span class='ocrx_word' id='word_1_280' title='bbox 2573 3674 2796 3728; x_wconf 85' lang='lat' dir='ltr'><strong>notam</strong></span> 
     </span>
     <span class='ocr_line' id='line_1_34' title="bbox 468 3754 2789 3846; baseline 0.003 -28"><span class='ocrx_word' id='word_1_281' title='bbox 468 3765 679 3818; x_wconf 88' lang='lat' dir='ltr'><strong>autem</strong></span> <span class='ocrx_word' id='word_1_282' title='bbox 711 3755 961 3842; x_wconf 89' lang='lat' dir='ltr'><strong>(quales</strong></span> <span class='ocrx_word' id='word_1_283' title='bbox 985 3755 1053 3819; x_wconf 91' lang='lat' dir='ltr'><strong>in</strong></span> <span class='ocrx_word' id='word_1_284' title='bbox 1080 3754 1526 3838; x_wconf 66' lang='lat' dir='ltr'><strong>minutissimis</strong></span> <span class='ocrx_word' id='word_1_285' title='bbox 1537 3755 1688 3822; x_wconf 88' lang='lat' dir='ltr'><strong>alias</strong></span> <span class='ocrx_word' id='word_1_286' title='bbox 1715 3756 1944 3845; x_wconf 84' lang='lat' dir='ltr'><strong>adjecit</strong></span> <span class='ocrx_word' id='word_1_287' title='bbox 1973 3759 2221 3845; x_wconf 88' lang='lat' dir='ltr'><strong>Maius)</strong></span> <span class='ocrx_word' id='word_1_288' title='bbox 2253 3758 2496 3824; x_wconf 89' lang='lat' dir='ltr'><strong>nullam</strong></span> <span class='ocrx_word' id='word_1_289' title='bbox 2533 3759 2789 3846; x_wconf 35' lang='lat' dir='ltr'><strong>inveni-&#39;3</strong></span> 
     </span>
     <span class='ocr_line' id='line_1_35' title="bbox 468 3854 2799 3948; baseline 0.003 -28"><span class='ocrx_word' id='word_1_290' title='bbox 468 3867 545 3920; x_wconf 88' lang='lat' dir='ltr'><strong>ut</strong></span> <span class='ocrx_word' id='word_1_291' title='bbox 570 3877 653 3918; x_wconf 89' lang='lat' dir='ltr'><strong>an</strong></span> <span class='ocrx_word' id='word_1_292' title='bbox 681 3876 831 3918; x_wconf 85' lang='lat' dir='ltr'><strong>vera</strong></span> <span class='ocrx_word' id='word_1_293' title='bbox 856 3854 1159 3942; x_wconf 83' lang='lat' dir='ltr'><strong>quaelibet</strong></span> <span class='ocrx_word' id='word_1_294' title='bbox 1186 3855 1267 3922; x_wconf 88' lang='lat' dir='ltr'><strong>sit</strong></span> <span class='ocrx_word' id='word_1_295' title='bbox 1292 3856 1560 3932; x_wconf 84' lang='lat' dir='ltr'><strong>varietas</strong></span> <span class='ocrx_word' id='word_1_296' title='bbox 1598 3881 1814 3937; x_wconf 88' lang='lat' dir='ltr'><strong>necne,</strong></span> <span class='ocrx_word' id='word_1_297' title='bbox 1841 3856 2100 3926; x_wconf 74' lang='lat' dir='ltr'><strong>aliunde</strong></span> <span class='ocrx_word' id='word_1_298' title='bbox 2136 3859 2569 3948; x_wconf 86' lang='lat' dir='ltr'><strong>colligendum</strong></span> <span class='ocrx_word' id='word_1_299' title='bbox 2612 3861 2799 3928; x_wconf 88' lang='lat' dir='ltr'><strong>nobis</strong></span> 
     </span>
     <span class='ocr_line' id='line_1_36' title="bbox 466 3955 881 4044; baseline -0.005 -22"><span class='ocrx_word' id='word_1_300' title='bbox 466 3955 881 4044; x_wconf 84' lang='lat' dir='ltr'><strong>relinquatur.</strong></span> 
     </span>
    </p>

    <p class='ocr_par' dir='ltr' id='par_1_8' title="bbox 558 4059 974 4138">
     <span class='ocr_line' id='line_1_37' title="bbox 558 4059 974 4138; baseline 0.005 -20"><span class='ocrx_word' id='word_1_301' title='bbox 558 4059 618 4136; x_wconf 86' lang='lat'><strong>1)</strong></span> <span class='ocrx_word' id='word_1_302' title='bbox 652 4061 723 4118; x_wconf 80' lang='grc' dir='ltr'><strong>α’.</strong></span> <span class='ocrx_word' id='word_1_303' title='bbox 762 4080 974 4138; x_wconf 89' lang='lat'><strong>1—13.</strong></span> 
     </span>
    </p>

    <p class='ocr_par' dir='ltr' id='par_1_9' title="bbox 716 4143 1880 4205">
     <span class='ocr_line' id='line_1_38' title="bbox 716 4143 1880 4205; baseline 0.003 -5"><span class='ocrx_word' id='word_1_304' title='bbox 716 4143 853 4201; x_wconf 81' lang='lat' dir='ltr'><strong>Em.</strong></span> <span class='ocrx_word' id='word_1_305' title='bbox 1628 4148 1880 4205; x_wconf 75' lang='lat' dir='ltr'><strong>Ambros.</strong></span> 
     </span>
    </p>
   </div>
   <div class='ocr_carea' id='block_1_3' title="bbox 633 4226 2070 4378">
    <p class='ocr_par' dir='ltr' id='par_1_10' title="bbox 633 4226 2070 4378">
     <span class='ocr_line' id='line_1_39' title="bbox 633 4226 2070 4305; baseline 0.005 -26"><span class='ocrx_word' id='word_1_306' title='bbox 633 4239 690 4296; x_wconf 89' lang='lat'><strong>4.</strong></span> <span class='ocrx_word' id='word_1_307' title='bbox 722 4227 761 4281; x_wconf 78' lang='grc' dir='ltr'><strong>δ’</strong></span> <span class='ocrx_word' id='word_1_308' title='bbox 791 4227 968 4301; x_wconf 67' lang='grc' dir='ltr'>ἑλώρια</span> <span class='ocrx_word' id='word_1_309' title='bbox 1627 4231 1676 4286; x_wconf 82' lang='grc' dir='ltr'><strong>δε</strong></span> <span class='ocrx_word' id='word_1_310' title='bbox 1705 4239 1883 4305; x_wconf 80' lang='grc' dir='ltr'><strong>ελωρια</strong></span> <span class='ocrx_word' id='word_1_311' title='bbox 1915 4226 2070 4302; x_wconf 90' lang='lat' dir='ltr'><strong>(W.)</strong></span> 
     </span>
     <span class='ocr_line' id='line_1_40' title="bbox 636 4305 2068 4378; baseline 0.005 -18"><span class='ocrx_word' id='word_1_312' title='bbox 636 4318 693 4378; x_wconf 84' lang='lat'><strong>5.</strong></span> <span class='ocrx_word' id='word_1_313' title='bbox 724 4309 764 4361; x_wconf 78' lang='grc' dir='ltr'><strong>δ’</strong></span> <span class='ocrx_word' id='word_1_314' title='bbox 793 4309 1055 4363; x_wconf 77' lang='grc' dir='ltr'><strong>ἐτελείετο.</strong></span> <span class='ocrx_word' id='word_1_315' title='bbox 1140 4305 1251 4376; x_wconf 85' lang='lat' dir='ltr'><strong>Sic,</strong></span> <span class='ocrx_word' id='word_1_316' title='bbox 1280 4325 1395 4366; x_wconf 88' lang='lat' dir='ltr'><strong>non</strong></span> <span class='ocrx_word' id='word_1_317' title='bbox 1426 4309 1479 4366; x_wconf 75' lang='grc' dir='ltr'><strong>δέ</strong></span> <span class='ocrx_word' id='word_1_318' title='bbox 1506 4319 1638 4378; x_wconf 82' lang='grc' dir='ltr'><strong>τελ.,</strong></span> <span class='ocrx_word' id='word_1_319' title='bbox 1667 4307 1844 4368; x_wconf 86' lang='lat' dir='ltr'><strong>etiam</strong></span> <span class='ocrx_word' id='word_1_320' title='bbox 1871 4311 2068 4367; x_wconf 83' lang='lat' dir='ltr'><strong>Ambr.</strong></span> 
     </span>
    </p>
   </div>
  </div>
 </body>
</html>
