3034 5100
782 272 1401 385 FRAGMENTA
1416 322 1430 351 ··
1445 318 2100 385 AMBROSIANA.
2209 318 2214 323 ·
2311 276 2320 283 ’
2545 324 2602 385 :s

372 494 419 527 ‘⁴
450 476 707 552 versus*
720 485 813 569 [in
834 485 939 551 his
962 486 1359 574 fingmentis]
1392 484 1590 574 piene
1613 484 1964 574 octingenti
1987 484 2442 554 numerantur:
2465 500 2604 551 'ne-v

280 594 331 627 “
360 608 489 673 que
515 584 763 673 singula
788 600 1001 675 tamen
1028 586 1383 674 fragmenta
1406 585 1487 650 ad
1518 585 1620 674 adj
1628 598 1836 651 unctae
1855 585 2130 673 ‘picturae
2149 600 2593 673 argumentum

286 697 331 729 ‘⁶
358 708 605 777 semper
646 688 985 775 quadrant,
1022 686 1329 755 mutilatis
1370 688 1670 775 utrinque
1712 688 2045 776 capitibus,
2089 690 2340 775 pictura
2383 690 2592 770 etiam,

284 800 329 833 ‘⁶
362 806 439 857 ut
464 816 565 857 res
592 792 760 871 tulit,
792 812 959 879 saepe
986 791 1351 880 postposita,
1374 805 1707 879 propterea
1735 790 1907 878 quod
1935 791 2074 855 haec
2103 790 2184 855 ad
2211 804 2594 880 consequen-

284 898 331 931 “
357 905 489 955 tem
530 892 837 979 poematis
862 892 1093 971 locum,
1124 892 1237 981 qui
1274 915 1445 978 nunc
1486 891 1696 981 periit,
1723 890 2080 979 pertineret.
2169 893 2593 979 Unaquaeque

286 1000 334 1033 “
362 993 593 1059 codicis
634 994 865 1082 pagina
900 994 1021 1059 nisi
1062 1014 1203 1059 eam
1242 994 1493 1082 pictura
1523 994 1874 1081 occupabat
1901 1016 2118 1060 versus
2145 1007 2448 1080 quattuor
2491 1017 2593 1060 su-

284 1102 335 1135 “
364 1116 481 1182 pra
522 1094 751 1183 viginti
794 1095 1123 1175 continuit,
1165 1096 1233 1161 id
1274 1096 1451 1183 quod
1494 1120 1614 1183 ego
1657 1119 1693 1161 e
1735 1094 2102 1182 fragmentis
2144 1094 2482 1177 XXVHI.
2527 1110 2592 1161 et

286 1204 331 1235 “
361 1196 619 1263 XXIX.
650 1197 939 1285 cognovi,
972 1220 1247 1285 quorum
1276 1198 1614 1263 universim
1641 1196 1866 1285 viginti
1893 1219 2110 1261 versus
2125 1196 2358 1283 partim
2384 1196 2454 1261 in
2479 1218 2590 1260 an-

279 1306 333 1339 “
364 1298 491 1364 tica
516 1300 747 1388 partim
768 1320 917 1364 vero
944 1299 1013 1364 in
1038 1301 1279 1389 postica
1304 1301 1669 1365 membrana
1697 1300 1784 1365 sic
1809 1300 1974 1365 inter
2001 1322 2066 1363 se
2094 1312 2589 1386 consequuntur,

284 1406 332 1443 “
363 1414 462 1484 ut⁴
478 1401 729 1489 pictura
770 1415 1042 1489 utraque
1084 1401 1165 1467 sit
1206 1402 1594 1491 interposita,
1623 1401 1808 1489 spatii
1837 1424 1988 1465 vero
2029 1414 2280 1465 tantum
2323 1400 2406 1463 ob
2449 1412 2588 1463 ea'm

281 1509 331 1543 ‘⁶
357 1526 493 1569 rem
529 1516 747 1591 pereat
771 1518 1080 1591 quantum
1112 1504 1374 1571 totidem
1410 1504 1666 1570 omnino
1693 1503 1976 1569 versibus
2013 1518 2086 1567 et·
2119 1514 2424 1591 praeterea
2449 1514 2592 1565 octo

280 1610 331 1643 ‘⁴
358 1602 765 1669 inscribendis
802 1626 967 1691 opus
1010 1618 1125 1669 est.
1222 1605 1397 1669 Hinc
1440 1604 1628 1669 etiam
1671 1604 2104 1693 cognoscimus
2144 1603 2420 1669 codicem
2461 1626 2590 1668 non

281 1711 333 1746 “
360 1704 554 1771 finisse
578 1704 895 1785 volumen,
924 1706 1034 1771 sed
1061 1706 1293 1771 librum
1322 1706 1724 1793 quadratum.

372 1814 421 1847 “
446 1806 629 1886 Quas
669 1822 879 1895 partes
904 1829 1207 1873 versuum
1250 1809 1490 1874 ferrum
1529 1810 1726 1875 secuit
1761 1810 2034 1878 cariesve
2071 1807 2460 1896 consumpsit
2485 1832 2596 1876 eas

284 1918 337 1953 ‘⁴
366 1930 495 1998 ego·
514 1910 803 1999 supplevi
828 1910 1085 1997 quidem
1116 1911 1223 1976 sed
1254 1925 1465 1976 tamen
1492 1911 1790 1999 subjectis
1815 1910 1996 1976 lineis
2023 1908 2298 1975 distinxi.
2360 1911 2594 1975 Versus

284 2018 335 2055 ‘⁴
356 2014 600 2103 aliquot
628 2013 699 2079 in
722 2013 945 2078 mediis
984 2011 1233 2101 paginis
1270 2012 1524 2094 desunt,
1555 2036 1717 2100 quos
1755 2012 1984 2101 partim
2015 2036 2052 2077 a
2081 2012 2310 2077 criticis
2337 2034 2587 2099 expun-

266 2126 335 2159 ’“
360 2132 495 2185 ctos
517 2130 785 2183 autumo
810 2114 1044 2205 partim
1070 2115 1257 2181 etiam
1286 2116 1632 2181 scribarum
1663 2116 1946 2181 socordia
1973 2113 2444 2203 praetermissoS‚
2463 2137 2593 2202 qua

266 2230 335 2273 ⁴⁴
362 2222 447 2286 de
466 2242 541 2285 re
566 2220 755 2285 docto
778 2218 995 2283 lectori
1020 2220 1137 2305 per
1162 2240 1227 2281 se
1254 2217 1437 2281 facile
1466 2217 1756 2304 judicare
1783 2218 2014 2283 licebit.
2107 2219 2228 2283 Sed
2260 2241 2470 2306 neque
2497 2242 2594 2283 er-

282 2327 335 2365 “
360 2324 611 2391 roribus
638 2322 949 2411 scriptura
974 2334 1165 2401 caret,
1194 2342 1560 2408 quanquam
1599 2320 1794 2385 iidem
1821 2343 1861 2385 a
1901 2321 2156 2387 librario
2181 2344 2353 2387 nunc
2379 2339 2592 2387 coaevo

286 2434 337 2467 “
361 2448 533 2493 nunc
558 2426 901 2491 recentiore
928 2442 1355 2513 saepenumero
1378 2422 1640 2487 correcti
1665 2436 1837 2487 sunt.

374 2536 421 2570 ‘⁶
452 2528 565 2594 Ad
591 2546 799 2618 genus
822 2525 1147 2593 Homerici
1174 2536 1389 2590 textus
1404 2522 1910 2611 cognoscendum
1937 2522 2112 2610 quod
2141 2522 2450 2588 attinebat
2474 2536 2594 2611 eg‘o

287 2640 335 2674 “
362 2631 499 2698 haec
525 2619 881 2719 fragmenta
906 2651 1051 2695 cum
1076 2624 1223 2693 edd.
1254 2641 1319 2692 et
1346 2625 1529 2692 codd.
1561 2624 1820 2690 contuli.
1893 2627 1998 2690 Ac
2025 2625 2304 2712 primum
2333 2625 2592 2712 quidem

288 2739 337 2772 ‘⁶
364 2731 579 2796 multis
606 2729 961 2796 Aristarchi
1002 2729 1233 2794 notatis
1264 2726 1636 2793 lectionibus
1673 2749 1776 2792 me
1813 2726 2112 2815 principis
2145 2726 2342 2792 critici
2381 2751 2594 2792 recen-

283 2842 335 2876 “
364 2834 599 2899 sionem
622 2831 1105 2921 deprehendisse
1139 2821 1524 2920 gestiebam:
1571 2851 1720 2894 mox
1749 2829 2076 2895 contrariis
2102 2853 2302 2918 prope
2325 2829 2590 2895 totidem

282 2945 338 2978 '⁶‘
362 2933 831 3014 animadversis,
861 2933 1117 2998 cinnum
1146 2931 1463 3020 quendam
1501 2931 1568 2994 in
1597 2929 2034 2996 Ambrosianis
2059 2930 2429 3018 fragmentis
2461 2928 2595 2992 vul-

287 3046 337 3080 “
355 3049 715 3125 'gatumque
738 3035 873 3100 fere
900 3049 1149 3100 textum
1185 3034 1385 3098 inesse
1412 3032 1720 3120 cognovi;
1766 3031 1836 3096 id
1877 3033 2054 3119 quod
2082 3055 2184 3096 me
2213 3032 2446 3098 scholia
2475 3035 2595 3096 Ve-

289 3149 338 3182 “
366 3153 515 3206 neta
554 3159 701 3206 cum
740 3137 961 3227 primis
1000 3136 1373 3202 docuerunt.
1461 3137 1586 3200 Est
1629 3149 1838 3200 tamen
1881 3135 2091 3199 adhue
2127 3135 2456 3200 ‘mediocris
2483 3158 2594 3199 va-

288 3251 339 3284 “
366 3243 604 3308 riarum
644 3242 985 3308 lectionum
1028 3251 1205 3326 seges
1240 3259 1431 3327 quam
1459 3237 1656 3304 critici
1697 3237 1764 3302 in
1805 3250 1937 3302 tam
1979 3236 2174 3302 nobili
2215 3251 2474 3325 tamque
2500 3237 2595 3302 in-

290 3355 338 3388 “
368 3357 537 3412 tacto
564 3346 697 3412 solo
722 3367 852 3410 non
878 3356 1195 3433 spernent.
2083 3351 2089 3354 ⁴

294 3491 299 3500 ·
380 3457 427 3489 “
456 3452 607 3538 Age
632 3467 783 3514 vero
810 3461 887 3514 ut
926 3447 1129 3535 ipsam
1156 3447 1546 3533 scripturam
1587 3441 1782 3531 paulo
1822 3442 1926 3508 hic
1951 3442 2304 3508 accuratius
2329 3443 2595 3531 pei-pen-

294 3560 341 3594 “
370 3552 541 3632 dam,
570 3546 1041 3639 calligraphiam
1068 3547 1274 3638 primo
1306 3545 1651 3623 considerm
1683 3543 1876 3633 quam
1903 3567 2106 3634 pauca
2132 3547 2432 3635 impressa
2459 3556 2596 3634 spe*—

294 3664 339 3698 “
368 3655 617 3736 cimina,-
646 3653 863 3721 nullus
898 3675 1049 3718 vero
1076 3651 1237 3717 alius
1272 3651 1473 3716 codex
1502 3647 1964 3714 Ambrosianus
1997 3647 2386 3734 aequiparare
2412 3668 2595 3736 posse

293 3765 341 3800 “
368 3757 638 3824 videtur.
730 3755 940 3822 Groeci
982 3753 1225 3820 codices
1250 3752 1425 3840 apud
1465 3769 1584 3816 nos
1609 3749 2024 3836 antiquissimi
2057 3747 2408 3814 uncialibus
2431 3749 2596 3814 litte*—

295 3863 341 3896 “
368 3855 457 3921 ris
483 3856 551 3922 hi
577 3857 711 3922 fere
740 3869 910 3922 sunt.
986 3857 1229 3920 Fronto
1256 3853 1321 3918 in
1350 3851 1754 3940 palimpsesto
1783 3873 1926 3914 soee.
1954 3849 2152 3914 ferme
2181 3849 2388 3936 quinti
2413 3852 2596 3938 cujus

293 3967 341 4000 “
370 3976 493 4047 ego
532 3953 859 4046 scripturae
902 3958 1215 4048 specimen
1240 3956 1309 4020 in
1336 3955 1474 4042 ejus
1500 3971 1766 4042 operum
1794 3951 2066 4017 editione
2091 3952 2375 4040 procudi.
2432 3955 2597 4020 Pen'-

294 4069 341 4106 “
374 4062 705 4128 manchus
740 4061 959 4128 addito
985 4063 1212 4126 Josuae
1254 4057 1437 4138 libro,
1460 4055 1576 4144 qui
1617 4055 1814 4120 codex
1843 4053 2122 4120 creditur
2164 4055 2322 4120 sexti
2365 4057 2594 4122 saeculi.

293 4171 340 4208 ‘⁴
368 4165 752 4232 Nazianzeni
808 4184 1121 4232 sermones
1178 4161 1389 4228 saeculi
1430 4158 1636 4226 octavi
1683 4157 1780 4222 vel
1829 4155 1998 4222 noni.
2096 4155 2257 4222 Aliae
2299 4160 2596 4245 quaedam

294 4273 342 4310 ‘⁶
370 4267 751 4334 membranae
805 4289 953 4354 quae
996 4265 1163 4330 intra
1205 4264 1295 4327 VI
1302 4264 1351 4328 1.
1400 4275 1463 4326 et
1514 4262 1648 4325 IX.
1703 4257 1914 4324 saeculi
1961 4270 2232 4322 exaratoe
2283 4257 2595 4324 videntur.

298 4374 345 4410 ‘⁶
370 4371 587 4456 Atque
612 4391 735 4457 ego
760 4391 839 4434 ex
883 4367 985 4434 his
1010 4365 1363 4434 domesticis
1406 4362 1672 4430 testibus
1697 4361 2120 4450 conjecturam
2147 4361 2352 4427 facere
2376 4359 2596 4440 malui,

1329 4487 1560 4552 3e2
